
@ARTICLE{Abazajian09,
   author = {{Abazajian}, K.~N. and {Adelman-McCarthy}, J.~K. and {Ag{\"u}eros}, M.~A. and 
	{Allam}, S.~S. and {Allende Prieto}, C. and {An}, D. and {Anderson}, K.~S.~J. and 
	{Anderson}, S.~F. and {Annis}, J. and {Bahcall}, N.~A. and et al.},
    title = "{The Seventh Data Release of the Sloan Digital Sky Survey}",
  journal = {ApJS},
archivePrefix = "arXiv",
   eprint = {0812.0649},
 keywords = {atlases, catalogs, surveys},
     year = 2009,
    month = jun,
   volume = 182,
      eid = {543},
    pages = {543-558},
      doi = {10.1088/0067-0049/182/2/543},
   adsurl = {http://adsabs.harvard.edu/abs/2009ApJS..182..543A},
  adsnote = {Provided by the SAO/NASA Astrophysics Data System}
}

@ARTICLE{Alard98,
   author = {{Alard}, C. and {Lupton}, R.~H.},
    title = "{A Method for Optimal Image Subtraction}",
  journal = {ApJ},
   eprint = {astro-ph/9712287},
 keywords = {METHODS: DATA ANALYSIS, METHODS: STATISTICAL, TECHNIQUES: IMAGE PROCESSING, Methods: Data Analysis, Methods: Statistical, Techniques: Image Processing},
     year = 1998,
    month = aug,
   volume = 503,
    pages = {325-331},
      doi = {10.1086/305984},
   adsurl = {http://adsabs.harvard.edu/abs/1998ApJ...503..325A},
  adsnote = {Provided by the SAO/NASA Astrophysics Data System}
}

@INPROCEEDINGS{Aldering02,
   author = {{Aldering}, G. and {Adam}, G. and {Antilogus}, P. and {Astier}, P. and 
	{Bacon}, R. and {Bongard}, S. and {Bonnaud}, C. and {Copin}, Y. and 
	{Hardin}, D. and {Henault}, F. and {Howell}, D.~A. and {Lemonnier}, J.-P. and 
	{Levy}, J.-M. and {Loken}, S.~C. and {Nugent}, P.~E. and {Pain}, R. and 
	{Pecontal}, A. and {Pecontal}, E. and {Perlmutter}, S. and {Quimby}, R.~M. and 
	{Schahmaneche}, K. and {Smadja}, G. and {Wood-Vasey}, W.~M.},
    title = "{Overview of the Nearby Supernova Factory}",
booktitle = {Survey and Other Telescope Technologies and Discoveries},
     year = 2002,
   series = {Society of Photo-Optical Instrumentation Engineers (SPIE) Conference Series},
   volume = 4836,
   editor = {{Tyson}, J.~A. and {Wolff}, S.},
    month = dec,
    pages = {61-72},
      doi = {10.1117/12.458107},
   adsurl = {http://adsabs.harvard.edu/abs/2002SPIE.4836...61A},
  adsnote = {Provided by the SAO/NASA Astrophysics Data System}
}

@ARTICLE{Astier06,
   author = {{Astier}, P. and {Guy}, J. and {Regnault}, N. and {Pain}, R. and 
	{Aubourg}, E. and {Balam}, D. and {Basa}, S. and {Carlberg}, R.~G. and 
	{Fabbro}, S. and {Fouchez}, D. and {Hook}, I.~M. and {Howell}, D.~A. and 
	{Lafoux}, H. and {Neill}, J.~D. and {Palanque-Delabrouille}, N. and 
	{Perrett}, K. and {Pritchet}, C.~J. and {Rich}, J. and {Sullivan}, M. and 
	{Taillet}, R. and {Aldering}, G. and {Antilogus}, P. and {Arsenijevic}, V. and 
	{Balland}, C. and {Baumont}, S. and {Bronder}, J. and {Courtois}, H. and 
	{Ellis}, R.~S. and {Filiol}, M. and {Gon{\c c}alves}, A.~C. and 
	{Goobar}, A. and {Guide}, D. and {Hardin}, D. and {Lusset}, V. and 
	{Lidman}, C. and {McMahon}, R. and {Mouchet}, M. and {Mourao}, A. and 
	{Perlmutter}, S. and {Ripoche}, P. and {Tao}, C. and {Walton}, N.
	},
    title = "{The Supernova Legacy Survey: measurement of {$\Omega$}$_{M}$, {$\Omega$}$_{Î›}$ and w from the first year data set}",
  journal = {AAP},
   eprint = {astro-ph/0510447},
 keywords = {supernovae: general, cosmology: observations, cosmological parameters},
     year = 2006,
    month = feb,
   volume = 447,
    pages = {31-48},
      doi = {10.1051/0004-6361:20054185},
   adsurl = {http://adsabs.harvard.edu/abs/2006A%26A...447...31A},
  adsnote = {Provided by the SAO/NASA Astrophysics Data System}
}

@ARTICLE{Baltay13,
   author = {{Baltay}, C. and {Rabinowitz}, D. and {Hadjiyska}, E. and {Walker}, E.~S. and 
	{Nugent}, P. and {Coppi}, P. and {Ellman}, N. and {Feindt}, U. and 
	{McKinnon}, R. and {Horowitz}, B. and {Effron}, A.},
    title = "{The La Silla-QUEST Low Redshift Supernova Survey}",
  journal = {PASP},
 keywords = {Astronomical Instrumentation},
     year = 2013,
    month = jun,
   volume = 125,
    pages = {683-694},
      doi = {10.1086/671198},
   adsurl = {http://adsabs.harvard.edu/abs/2013PASP..125..683B},
  adsnote = {Provided by the SAO/NASA Astrophysics Data System}
}

@ARTICLE{Bailey07,
   author = {{Bailey}, S. and {Aragon}, C. and {Romano}, R. and {Thomas}, R.~C. and 
	{Weaver}, B.~A. and {Wong}, D.},
    title = "{How to Find More Supernovae with Less Work: Object Classification Techniques for Difference Imaging}",
  journal = {ApJ},
archivePrefix = "arXiv",
   eprint = {0705.0493},
 keywords = {Methods: Data Analysis, Methods: Statistical, Stars: Supernovae: General, Techniques: Image Processing},
     year = 2007,
    month = aug,
   volume = 665,
    pages = {1246-1253},
      doi = {10.1086/519832},
   adsurl = {http://adsabs.harvard.edu/abs/2007ApJ...665.1246B},
  adsnote = {Provided by the SAO/NASA Astrophysics Data System}
}

@INPROCEEDINGS{Becker13,
    author = {{Becker}, A. and {Krughoff}, S. and {Connolly}, A. and others},
    title  = "{Report on Late Winter 2013 Production: Image Differencing (Tucson, AZ: LSST)}",
    booktitle = "{Report on Late Winter 2013 Production: Image Differencing (Tucson, AZ: LSST)}",
    year   = 2013,
    url    = {https://dev.lsstcorp.org/trac/attachment/wiki/DC/Winter2013/W13report_V1-02.pdf}
}
@ARTICLE{Berger12,
   author = {{Berger}, E. and {Chornock}, R. and {Lunnan}, R. and {Foley}, R. and 
	{Czekala}, I. and {Rest}, A. and {Leibler}, C. and {Soderberg}, A.~M. and 
	{Roth}, K. and {Narayan}, G. and {Huber}, M.~E. and {Milisavljevic}, D. and 
	{Sanders}, N.~E. and {Drout}, M. and {Margutti}, R. and {Kirshner}, R.~P. and 
	{Marion}, G.~H. and {Challis}, P.~J. and {Riess}, A.~G. and 
	{Smartt}, S.~J. and {Burgett}, W.~S. and {Hodapp}, K.~W. and 
	{Heasley}, J.~N. and {Kaiser}, N. and {Kudritzki}, R.-P. and 
	{Magnier}, E.~A. and {McCrum}, M. and {Price}, P.~A. and {Smith}, K. and 
	{Tonry}, J.~L. and {Wainscoat}, R.~J.},
    title = "{Ultraluminous Supernovae as a New Probe of the Interstellar Medium in Distant Galaxies}",
  journal = {ApJL},
archivePrefix = "arXiv",
   eprint = {1206.4050},
 primaryClass = "astro-ph.CO",
 keywords = {galaxies: ISM, supernovae: individual: PS1-11bam},
     year = 2012,
    month = aug,
   volume = 755,
      eid = {L29},
    pages = {L29},
      doi = {10.1088/2041-8205/755/2/L29},
   adsurl = {http://adsabs.harvard.edu/abs/2012ApJ...755L..29B},
  adsnote = {Provided by the SAO/NASA Astrophysics Data System}
}

@ARTICLE{Bernstein12,
   author = {{Bernstein}, J.~P. and {Kessler}, R. and {Kuhlmann}, S. and 
	{Biswas}, R. and {Kovacs}, E. and {Aldering}, G. and {Crane}, I. and 
	{D'Andrea}, C.~B. and {Finley}, D.~A. and {Frieman}, J.~A. and 
	{Hufford}, T. and {Jarvis}, M.~J. and {Kim}, A.~G. and {Marriner}, J. and 
	{Mukherjee}, P. and {Nichol}, R.~C. and {Nugent}, P. and {Parkinson}, D. and 
	{Reis}, R.~R.~R. and {Sako}, M. and {Spinka}, H. and {Sullivan}, M.
	},
    title = "{Supernova Simulations and Strategies for the Dark Energy Survey}",
  journal = {ApJ},
archivePrefix = "arXiv",
   eprint = {1111.1969},
 keywords = {cosmological parameters, dark energy, supernovae: general},
     year = 2012,
    month = jul,
   volume = 753,
      eid = {152},
    pages = {152},
      doi = {10.1088/0004-637X/753/2/152},
   adsurl = {http://adsabs.harvard.edu/abs/2012ApJ...753..152B},
  adsnote = {Provided by the SAO/NASA Astrophysics Data System}
}


@INPROCEEDINGS{Bertin01EyE,
   author = {{Bertin}, E.},
    title = "{Mining Pixels: The Extraction and Classification of Astronomical Sources}",
booktitle = {Mining the Sky},
     year = 2001,
   editor = {{Banday}, A.~J. and {Zaroubi}, S. and {Bartelmann}, M.},
    pages = {353},
      doi = {10.1007/10849171_44},
   adsurl = {http://adsabs.harvard.edu/abs/2001misk.conf..353B},
  adsnote = {Provided by the SAO/NASA Astrophysics Data System}
}

@ARTICLE{Biau10,
   author = {{Biau}, G.},
    title = "{Analysis of a Random Forests Model}",
  journal = {ArXiv e-prints (1005.0208)},
archivePrefix = "arXiv",
   eprint = {1005.0208},
 primaryClass = "stat.ML",
 keywords = {Statistics - Machine Learning, Mathematics - Statistics Theory},
     year = 2010,
    month = may,
   adsurl = {http://adsabs.harvard.edu/abs/2010arXiv1005.0208B},
  adsnote = {Provided by the SAO/NASA Astrophysics Data System}
}

@ARTICLE{Bloom12,
   author = {{Bloom}, J.~S. and {Richards}, J.~W. and {Nugent}, P.~E. and 
	{Quimby}, R.~M. and {Kasliwal}, M.~M. and {Starr}, D.~L. and 
	{Poznanski}, D. and {Ofek}, E.~O. and {Cenko}, S.~B. and {Butler}, N.~R. and 
	{Kulkarni}, S.~R. and {Gal-Yam}, A. and {Law}, N.},
    title = "{Automating Discovery and Classification of Transients and Variable Stars in the Synoptic Survey Era}",
  journal = {PASP},
archivePrefix = "arXiv",
   eprint = {1106.5491},
 primaryClass = "astro-ph.IM",
 keywords = {Data Analysis and Techniques},
     year = 2012,
    month = nov,
   volume = 124,
    pages = {1175-1196},
      doi = {10.1086/668468},
   adsurl = {http://adsabs.harvard.edu/abs/2012PASP..124.1175B},
  adsnote = {Provided by the SAO/NASA Astrophysics Data System}
}

@ARTICLE{Bramich08,
   author = {{Bramich}, D.~M.},
    title = "{A new algorithm for difference image analysis}",
  journal = {MNRAS},
archivePrefix = "arXiv",
   eprint = {0802.1273},
 keywords = {methods: statistical, techniques: image processing, techniques: photometric},
     year = 2008,
    month = may,
   volume = 386,
    pages = {L77-L81},
      doi = {10.1111/j.1745-3933.2008.00464.x},
   adsurl = {http://adsabs.harvard.edu/abs/2008MNRAS.386L..77B},
  adsnote = {Provided by the SAO/NASA Astrophysics Data System}
}

@ARTICLE{Breiman01,
  title="{Random forests}",
  author={{Breiman}, L.},
  journal={Machine learning},
  volume=45,
  number=1,
  pages={5-32},
  year=2001,
  publisher={Springer}
}

@ARTICLE{Brescia13,
   author = {{Brescia}, M. and {Cavuoti}, S. and {D'Abrusco}, R. and {Longo}, G. and 
	{Mercurio}, A.},
    title = "{Photometric Redshifts for Quasars in Multi-band Surveys}",
  journal = {ApJ},
archivePrefix = "arXiv",
   eprint = {1305.5641},
 primaryClass = "astro-ph.IM",
 keywords = {catalogs, galaxies: distances and redshifts, methods: data analysis, quasars: general, surveys},
     year = 2013,
    month = aug,
   volume = 772,
      eid = {140},
    pages = {140},
      doi = {10.1088/0004-637X/772/2/140},
   adsurl = {http://adsabs.harvard.edu/abs/2013ApJ...772..140B},
  adsnote = {Provided by the SAO/NASA Astrophysics Data System}
}

@ARTICLE{Brescia15,
   author = {{Brescia}, M. and {Cavuoti}, S. and {Longo}, G.},
    title = "{Automated physical classification in the SDSS DR10. A catalogue of candidate quasars}",
  journal = {MNRAS},
 keywords = {methods: data analysis, techniques: photometric, catalogues, galaxies: active, quasars: general},
     year = 2015,
    month = jul,
   volume = 450,
    pages = {3893-3903},
      doi = {10.1093/mnras/stv854},
   adsurl = {http://adsabs.harvard.edu/abs/2015MNRAS.450.3893B},
  adsnote = {Provided by the SAO/NASA Astrophysics Data System}
}

@ARTICLE{Brink13,
   author = {{Brink}, H. and {Richards}, J.~W. and {Poznanski}, D. and {Bloom}, J.~S. and 
	{Rice}, J. and {Negahban}, S. and {Wainwright}, M.},
    title = "{Using machine learning for discovery in synoptic survey imaging data}",
  journal = {MNRAS},
archivePrefix = "arXiv",
   eprint = {1209.3775},
 primaryClass = "astro-ph.IM",
 keywords = {methods: data analysis, methods: statistical, techniques: image processing, surveys, supernovae: general},
     year = 2013,
    month = oct,
   volume = 435,
    pages = {1047-1060},
      doi = {10.1093/mnras/stt1306},
   adsurl = {http://adsabs.harvard.edu/abs/2013MNRAS.435.1047B},
  adsnote = {Provided by the SAO/NASA Astrophysics Data System}
}

@ARTICLE{Campbell15,
   author = {{Campbell}, H. and {Cartier}, R. and {Smith}, M. and {Anderson}, J. and 
	{Inserra}, C. and {Lintott}, C. and {Miller}, G. and {Allen}, C. and 
	{Carstensen}, B. and {Hines}, G. and {Paget}, A.~M.~E. and {Maguire}, K. and 
	{Smartt}, S.~J. and {Smith}, K.~W. and {Sullivan}, M. and {Valenti}, S. and 
	{Yaron}, O. and {Young}, D. and {Manulis}, I. and {Wright}, D. and 
	{Chambers}, K. and {Flewelling}, H. and {Huber}, M. and {Magnier}, E. and 
	{Tonry}, J. and {Waters}, C. and {Wainscoat}, R.~J.},
    title = "{PESSTO spectroscopic classification of optical transients}",
  journal = {The Astronomer's Telegram},
 keywords = {Supernovae},
     year = 2015,
    month = mar,
   volume = 7254,
   adsurl = {http://adsabs.harvard.edu/abs/2015ATel.7254....1C},
  adsnote = {Provided by the SAO/NASA Astrophysics Data System}
}

@ARTICLE{Cao13,
   author = {{Cao}, Y. and {Kasliwal}, M.~M. and {Arcavi}, I. and {Horesh}, A. and 
	{Hancock}, P. and {Valenti}, S. and {Cenko}, S.~B. and {Kulkarni}, S.~R. and 
	{Gal-Yam}, A. and {Gorbikov}, E. and {Ofek}, E.~O. and {Sand}, D. and 
	{Yaron}, O. and {Graham}, M. and {Silverman}, J.~M. and {Wheeler}, J.~C. and 
	{Marion}, G.~H. and {Walker}, E.~S. and {Mazzali}, P. and {Howell}, D.~A. and 
	{Li}, K.~L. and {Kong}, A.~K.~H. and {Bloom}, J.~S. and {Nugent}, P.~E. and 
	{Surace}, J. and {Masci}, F. and {Carpenter}, J. and {Degenaar}, N. and 
	{Gelino}, C.~R.},
    title = "{Discovery, Progenitor and Early Evolution of a Stripped Envelope Supernova iPTF13bvn}",
  journal = {ApJL},
archivePrefix = "arXiv",
   eprint = {1307.1470},
 primaryClass = "astro-ph.SR",
 keywords = {instrumentation: adaptive optics, shock waves, stars: Wolf-Rayet, supernovae: individual: iPTF13bvn, surveys},
     year = 2013,
    month = sep,
   volume = 775,
      eid = {L7},
    pages = {L7},
      doi = {10.1088/2041-8205/775/1/L7},
   adsurl = {http://adsabs.harvard.edu/abs/2013ApJ...775L...7C},
  adsnote = {Provided by the SAO/NASA Astrophysics Data System}
}

@ARTICLE{Cavuoti15,
   author = {{Cavuoti}, S. and {Brescia}, M. and {Tortora}, C. and {Longo}, G. and 
	{Napolitano}, N.~R. and {Radovich}, M. and {Barbera}, F.~L. and 
	{Capaccioli}, M. and {de Jong}, J.~T.~A. and {Getman}, F. and 
	{Grado}, A. and {Paolillo}, M.},
    title = "{Machine-learning-based photometric redshifts for galaxies of the ESO Kilo-Degree Survey data release 2}",
  journal = {MNRAS},
archivePrefix = "arXiv",
   eprint = {1507.00754},
 primaryClass = "astro-ph.IM",
 keywords = {techniques: photometric, galaxies: distances and redshifts, galaxies: photometry},
     year = 2015,
    month = sep,
   volume = 452,
    pages = {3100-3105},
      doi = {10.1093/mnras/stv1496},
   adsurl = {http://adsabs.harvard.edu/abs/2015MNRAS.452.3100C},
  adsnote = {Provided by the SAO/NASA Astrophysics Data System}
}

@ARTICLE{Chomiuk11,
   author = {{Chomiuk}, L. and {Chornock}, R. and {Soderberg}, A.~M. and 
	{Berger}, E. and {Chevalier}, R.~A. and {Foley}, R.~J. and {Huber}, M.~E. and 
	{Narayan}, G. and {Rest}, A. and {Gezari}, S. and {Kirshner}, R.~P. and 
	{Riess}, A. and {Rodney}, S.~A. and {Smartt}, S.~J. and {Stubbs}, C.~W. and 
	{Tonry}, J.~L. and {Wood-Vasey}, W.~M. and {Burgett}, W.~S. and 
	{Chambers}, K.~C. and {Czekala}, I. and {Flewelling}, H. and 
	{Forster}, K. and {Kaiser}, N. and {Kudritzki}, R.-P. and {Magnier}, E.~A. and 
	{Martin}, D.~C. and {Morgan}, J.~S. and {Neill}, J.~D. and {Price}, P.~A. and 
	{Roth}, K.~C. and {Sanders}, N.~E. and {Wainscoat}, R.~J.},
    title = "{Pan-STARRS1 Discovery of Two Ultraluminous Supernovae at z {\ap} 0.9}",
  journal = {ApJ},
archivePrefix = "arXiv",
   eprint = {1107.3552},
 primaryClass = "astro-ph.HE",
 keywords = {circumstellar matter, stars: magnetars, supernovae: general, supernovae: individual: PS1-10ky PS1-10awh},
     year = 2011,
    month = dec,
   volume = 743,
      eid = {114},
    pages = {114},
      doi = {10.1088/0004-637X/743/2/114},
   adsurl = {http://adsabs.harvard.edu/abs/2011ApJ...743..114C},
  adsnote = {Provided by the SAO/NASA Astrophysics Data System}
}

@ARTICLE{Chornock13,
   author = {{Chornock}, R. and {Berger}, E. and {Rest}, A. and {Milisavljevic}, D. and 
	{Lunnan}, R. and {Foley}, R.~J. and {Soderberg}, A.~M. and {Smartt}, S.~J. and 
	{Burgasser}, A.~J. and {Challis}, P. and {Chomiuk}, L. and {Czekala}, I. and 
	{Drout}, M. and {Fong}, W. and {Huber}, M.~E. and {Kirshner}, R.~P. and 
	{Leibler}, C. and {McLeod}, B. and {Marion}, G.~H. and {Narayan}, G. and 
	{Riess}, A.~G. and {Roth}, K.~C. and {Sanders}, N.~E. and {Scolnic}, D. and 
	{Smith}, K. and {Stubbs}, C.~W. and {Tonry}, J.~L. and {Valenti}, S. and 
	{Burgett}, W.~S. and {Chambers}, K.~C. and {Hodapp}, K.~W. and 
	{Kaiser}, N. and {Kudritzki}, R.-P. and {Magnier}, E.~A. and 
	{Price}, P.~A.},
    title = "{PS1-10afx at z = 1.388: Pan-STARRS1 Discovery of a New Type of Superluminous Supernova}",
  journal = {ApJ},
archivePrefix = "arXiv",
   eprint = {1302.0009},
 primaryClass = "astro-ph.CO",
 keywords = {supernovae: individual: PS1-10afx, surveys},
     year = 2013,
    month = apr,
   volume = 767,
      eid = {162},
    pages = {162},
      doi = {10.1088/0004-637X/767/2/162},
   adsurl = {http://adsabs.harvard.edu/abs/2013ApJ...767..162C},
  adsnote = {Provided by the SAO/NASA Astrophysics Data System}
}

@inproceedings{Coates11,
  title="{An analysis of single-layer networks in unsupervised feature learning}",
  author={{Coates}, A. and {Lee}, H. and {Ng}, A.~Y.},
  booktitle={AISTATS 2011},
  volume={1001},
  year={2011}
}

@inproceedings{Coates12,
  title={Emergence of object-selective features in unsupervised feature learning},
  author={Coates, Adam and Karpathy, Andrej and Ng, Andrew Y},
  booktitle={Advances in Neural Information Processing Systems},
  pages={2681--2689},
  year={2012}
}

@inproceedings{Coates13,
  title="{Deep learning with COTS HPC systems}",
  author={{Coates}, A. and {Huval}, B. and {Wang}, T. and {Wu}, D. and {Catanzaro}, B. and {Ng}, A.},
  booktitle={Proceedings of the 30th International Conference on Machine Learning (ICML-13)},
  pages={1337--1345},
  year={2013}
}

@ARTICLE{Copin06,
   author = {{Copin}, Y. and {Blanc}, N. and {Bongard}, S. and {Gangler}, E. and 
	{Saug{\'e}}, L. and {Smadja}, G. and {Antilogus}, P. and {Garavini}, G. and 
	{Gilles}, S. and {Pain}, R. and {Aldering}, G. and {Bailey}, S. and 
	{Lee}, B.~C. and {Loken}, S. and {Nugent}, P. and {Perlmutter}, S. and 
	{Scalzo}, R. and {Thomas}, R.~C. and {Wang}, L. and {Weaver}, B.~A. and 
	{P{\'e}contal}, E. and {Kessler}, R. and {Baltay}, C. and {Rabinowitz}, D. and 
	{Bauer}, A.},
    title = "{The Nearby Supernova Factory}",
  journal = {New Astron. Rev.},
     year = {2006},
    month = {jun},
   volume = {50},
    pages = {436-438},
      doi = {10.1016/j.newar.2006.02.035},
   adsurl = {http://adsabs.harvard.edu/abs/2006NewAR..50..436C},
  adsnote = {Provided by the SAO/NASA Astrophysics Data System}
}

@article{Cortes95,
  title="{Support-vector networks}",
  author={{Cortes}, C. and {Vapnik}, V.},
  journal={Machine learning},
  volume={20},
  number={3},
  pages={273--297},
  year={1995},
  publisher={Springer}
}

@ARTICLE{duBuisson15,
   author = {{du Buisson}, L. and {Sivanandam}, N. and {Bassett}, B.~A. and 
	{Smith}, M.},
    title = "{Machine learning classification of SDSS transient survey images}",
  journal = {\mnras},
archivePrefix = "arXiv",
   eprint = {1407.4118},
 primaryClass = "astro-ph.IM",
 keywords = {methods: data analysis, methods: observational, methods: statistical, techniques: image processing, techniques: photometric, surveys},
     year = 2015,
    month = dec,
   volume = 454,
    pages = {2026-2038},
      doi = {10.1093/mnras/stv2041},
   adsurl = {http://adsabs.harvard.edu/abs/2015MNRAS.454.2026D},
  adsnote = {Provided by the SAO/NASA Astrophysics Data System}
}

@ARTICLE{Denneau13,
   author = {{Denneau}, L. and {Jedicke}, R. and {Grav}, T. and {Granvik}, M. and 
	{Kubica}, J. and {Milani}, A. and {Vere{\v s}}, P. and {Wainscoat}, R. and 
	{Chang}, D. and {Pierfederici}, F. and {Kaiser}, N. and {Chambers}, K.~C. and 
	{Heasley}, J.~N. and {Magnier}, E.~A. and {Price}, P.~A. and 
	{Myers}, J. and {Kleyna}, J. and {Hsieh}, H. and {Farnocchia}, D. and 
	{Waters}, C. and {Sweeney}, W.~H. and {Green}, D. and {Bolin}, B. and 
	{Burgett}, W.~S. and {Morgan}, J.~S. and {Tonry}, J.~L. and 
	{Hodapp}, K.~W. and {Chastel}, S. and {Chesley}, S. and {Fitzsimmons}, A. and 
	{Holman}, M. and {Spahr}, T. and {Tholen}, D. and {Williams}, G.~V. and 
	{Abe}, S. and {Armstrong}, J.~D. and {Bressi}, T.~H. and {Holmes}, R. and 
	{Lister}, T. and {McMillan}, R.~S. and {Micheli}, M. and {Ryan}, E.~V. and 
	{Ryan}, W.~H. and {Scotti}, J.~V.},
    title = "{The Pan-STARRS Moving Object Processing System}",
  journal = {\pasp},
archivePrefix = "arXiv",
   eprint = {1302.7281},
 primaryClass = "astro-ph.IM",
 keywords = {Astronomical Instrumentation},
     year = 2013,
    month = apr,
   volume = 125,
    pages = {357-395},
      doi = {10.1086/670337},
   adsurl = {http://adsabs.harvard.edu/abs/2013PASP..125..357D},
  adsnote = {Provided by the SAO/NASA Astrophysics Data System}
}

@ARTICLE{Dieleman15,
   author = {{Dieleman}, S. and {Willett}, K.~W. and {Dambre}, J.},
    title = "{Rotation-invariant convolutional neural networks for galaxy morphology prediction}",
  journal = {MNRAS},
archivePrefix = "arXiv",
   eprint = {1503.07077},
 primaryClass = "astro-ph.IM",
 keywords = {methods: data analysis, techniques: image processing, catalogues, galaxies: general},
     year = 2015,
    month = jun,
   volume = 450,
    pages = {1441-1459},
      doi = {10.1093/mnras/stv632},
   adsurl = {http://adsabs.harvard.edu/abs/2015MNRAS.450.1441D},
  adsnote = {Provided by the SAO/NASA Astrophysics Data System}
}

@ARTICLE{Djorgovski08,
   author = {{Djorgovski}, S.~G. and {Donalek}, C. and {Mahabal}, A. and 
	{Moghaddam}, B. and {Turmon}, M. and {Graham}, M. and {Drake}, A. and 
	{Sharma}, N. and {Chen}, Y.},
    title = "{Towards an Automated Classification of Transient Events in Synoptic Sky Surveys}",
  journal = {ArXiv e-prints},
archivePrefix = "arXiv",
   eprint = {1110.4655},
 primaryClass = "astro-ph.IM",
 keywords = {Astrophysics - Instrumentation and Methods for Astrophysics, Physics - Computational Physics},
     year = 2011,
    month = oct,
   adsurl = {http://adsabs.harvard.edu/abs/2011arXiv1110.4655D},
  adsnote = {Provided by the SAO/NASA Astrophysics Data System}
}


@ARTICLE{Djorgovski12,
   author = {{Djorgovski}, S.~G. and {Mahabal}, A.~A. and {Donalek}, C. and 
	{Graham}, M.~J. and {Drake}, A.~J. and {Moghaddam}, B. and {Turmon}, M.
	},
    title = "{Flashes in a Star Stream: Automated Classification of Astronomical Transient Events}",
  journal = {ArXiv e-prints (1209.1681)},
archivePrefix = "arXiv",
   eprint = {1209.1681},
 primaryClass = "astro-ph.IM",
 keywords = {Astrophysics - Instrumentation and Methods for Astrophysics},
     year = 2012,
    month = sep,
   adsurl = {http://adsabs.harvard.edu/abs/2012arXiv1209.1681D},
  adsnote = {Provided by the SAO/NASA Astrophysics Data System}
}

@INPROCEEDINGS{Donalek08,
   author = {{Donalek}, C. and {Mahabal}, A. and {Djorgovski}, S.~G. and 
	{Marney}, S. and {Drake}, A. and {Glikman}, E. and {Graham}, M.~J. and 
	{Williams}, R.},
    title = "{New Approaches to Object Classification in Synoptic Sky Surveys}",
 keywords = {Astronomical catalogs atlases sky surveys databases retrieval systems archives etc., Neural networks, Quasars, active or peculiar galaxies objects and systems},
booktitle = {American Institute of Physics Conference Series},
     year = 2008,
   series = {American Institute of Physics Conference Series},
   volume = 1082,
archivePrefix = "arXiv",
   eprint = {0810.4945},
   editor = {{Bailer-Jones}, C.~A.~L.},
    month = dec,
    pages = {252-256},
      doi = {10.1063/1.3059057},
   adsurl = {http://adsabs.harvard.edu/abs/2008AIPC.1082..252D},
  adsnote = {Provided by the SAO/NASA Astrophysics Data System}
}


@ARTICLE{Drake09,
   author = {{Drake}, A.~J. and {Djorgovski}, S.~G. and {Mahabal}, A. and 
	{Beshore}, E. and {Larson}, S. and {Graham}, M.~J. and {Williams}, R. and 
	{Christensen}, E. and {Catelan}, M. and {Boattini}, A. and {Gibbs}, A. and 
	{Hill}, R. and {Kowalski}, R.},
    title = "{First Results from the Catalina Real-Time Transient Survey}",
  journal = {ApJ},
archivePrefix = "arXiv",
   eprint = {0809.1394},
 keywords = {BL Lacertae objects: general, galaxies: general, novae, cataclysmic variables, stars: flare, supernovae: general},
     year = 2009,
    month = may,
   volume = 696,
    pages = {870-884},
      doi = {10.1088/0004-637X/696/1/870},
   adsurl = {http://adsabs.harvard.edu/abs/2009ApJ...696..870D},
  adsnote = {Provided by the SAO/NASA Astrophysics Data System}
}

@ARTICLE{Field94, 
author={{Field}, D.}, 
journal={Neural Computation}, 
title={What Is the Goal of Sensory Coding?}, 
year={1994}, 
month={July}, 
volume={6}, 
number={4}, 
pages={559-601}, 
doi={10.1162/neco.1994.6.4.559}, 
ISSN={0899-7667},}

@ARTICLE{Flaugher05,
   author = {{Flaugher}, B.},
    title = "{The Dark Energy Survey}",
  journal = {International Journal of Modern Physics A},
 keywords = {Dark energy, galaxies, supernovae},
     year = 2005,
   volume = 20,
    pages = {3121-3123},
      doi = {10.1142/S0217751X05025917},
   adsurl = {http://adsabs.harvard.edu/abs/2005IJMPA..20.3121F},
  adsnote = {Provided by the SAO/NASA Astrophysics Data System}
}

@ARTICLE{Freedman10,
   author = {{Freedman}, W.~L. and {Madore}, B.~F.},
    title = "{The Hubble Constant}",
  journal = {ARA\&A},
archivePrefix = "arXiv",
   eprint = {1004.1856},
     year = 2010,
    month = sep,
   volume = 48,
    pages = {673-710},
      doi = {10.1146/annurev-astro-082708-101829},
   adsurl = {http://adsabs.harvard.edu/abs/2010ARA%26A..48..673F},
  adsnote = {Provided by the SAO/NASA Astrophysics Data System}
}

@ARTICLE{Frieman08,
   author = {{Frieman}, J.~A. and {Bassett}, B. and {Becker}, A. and {Choi}, C. and 
	{Cinabro}, D. and {DeJongh}, F. and {Depoy}, D.~L. and {Dilday}, B. and 
	{Doi}, M. and {Garnavich}, P.~M. and {Hogan}, C.~J. and {Holtzman}, J. and 
	{Im}, M. and {Jha}, S. and {Kessler}, R. and {Konishi}, K. and 
	{Lampeitl}, H. and {Marriner}, J. and {Marshall}, J.~L. and 
	{McGinnis}, D. and {Miknaitis}, G. and {Nichol}, R.~C. and {Prieto}, J.~L. and 
	{Riess}, A.~G. and {Richmond}, M.~W. and {Romani}, R. and {Sako}, M. and 
	{Schneider}, D.~P. and {Smith}, M. and {Takanashi}, N. and {Tokita}, K. and 
	{van der Heyden}, K. and {Yasuda}, N. and {Zheng}, C. and {Adelman-McCarthy}, J. and 
	{Annis}, J. and {Assef}, R.~J. and {Barentine}, J. and {Bender}, R. and 
	{Blandford}, R.~D. and {Boroski}, W.~N. and {Bremer}, M. and 
	{Brewington}, H. and {Collins}, C.~A. and {Crotts}, A. and {Dembicky}, J. and 
	{Eastman}, J. and {Edge}, A. and {Edmondson}, E. and {Elson}, E. and 
	{Eyler}, M.~E. and {Filippenko}, A.~V. and {Foley}, R.~J. and 
	{Frank}, S. and {Goobar}, A. and {Gueth}, T. and {Gunn}, J.~E. and 
	{Harvanek}, M. and {Hopp}, U. and {Ihara}, Y. and {Ivezi{\'c}}, {\v Z}. and 
	{Kahn}, S. and {Kaplan}, J. and {Kent}, S. and {Ketzeback}, W. and 
	{Kleinman}, S.~J. and {Kollatschny}, W. and {Kron}, R.~G. and 
	{Krzesi{\'n}ski}, J. and {Lamenti}, D. and {Leloudas}, G. and 
	{Lin}, H. and {Long}, D.~C. and {Lucey}, J. and {Lupton}, R.~H. and 
	{Malanushenko}, E. and {Malanushenko}, V. and {McMillan}, R.~J. and 
	{Mendez}, J. and {Morgan}, C.~W. and {Morokuma}, T. and {Nitta}, A. and 
	{Ostman}, L. and {Pan}, K. and {Rockosi}, C.~M. and {Romer}, A.~K. and 
	{Ruiz-Lapuente}, P. and {Saurage}, G. and {Schlesinger}, K. and 
	{Snedden}, S.~A. and {Sollerman}, J. and {Stoughton}, C. and 
	{Stritzinger}, M. and {Subba Rao}, M. and {Tucker}, D. and {Vaisanen}, P. and 
	{Watson}, L.~C. and {Watters}, S. and {Wheeler}, J.~C. and {Yanny}, B. and 
	{York}, D.},
    title = "{The Sloan Digital Sky Survey-II Supernova Survey: Technical Summary}",
  journal = {AJ},
archivePrefix = "arXiv",
   eprint = {0708.2749},
 keywords = {supernovae: general, surveys},
     year = 2008,
    month = jan,
   volume = 135,
    pages = {338-347},
      doi = {10.1088/0004-6256/135/1/338},
   adsurl = {http://adsabs.harvard.edu/abs/2008AJ....135..338F},
  adsnote = {Provided by the SAO/NASA Astrophysics Data System}
}

@article{Fumera05,
  title="{A theoretical and experimental analysis of linear combiners for multiple classifier systems}",
  author={{Fumera}, G. and {Roli}, F.},
  journal={Pattern Analysis and Machine Intelligence, IEEE Transactions on},
  volume={27},
  number={6},
  pages={942--956},
  year={2005},
  publisher={IEEE}
}

@ARTICLE{Gal-Yam12,
   author = {{Gal-Yam}, A.},
    title = "{Luminous Supernovae}",
  journal = {Science},
archivePrefix = "arXiv",
   eprint = {1208.3217},
     year = 2012,
    month = aug,
   volume = 337,
    pages = {927},
      doi = {10.1126/science.1203601},
   adsurl = {http://adsabs.harvard.edu/abs/2012Sci...337..927G},
  adsnote = {Provided by the SAO/NASA Astrophysics Data System}
}

@ARTICLE{Gal-Yam14,
   author = {{Gal-Yam}, A. and {Arcavi}, I. and {Ofek}, E.~O. and {Ben-Ami}, S. and 
	{Cenko}, S.~B. and {Kasliwal}, M.~M. and {Cao}, Y. and {Yaron}, O. and 
	{Tal}, D. and {Silverman}, J.~M. and {Horesh}, A. and {De Cia}, A. and 
	{Taddia}, F. and {Sollerman}, J. and {Perley}, D. and {Vreeswijk}, P.~M. and 
	{Kulkarni}, S.~R. and {Nugent}, P.~E. and {Filippenko}, A.~V. and 
	{Wheeler}, J.~C.},
    title = "{A Wolf-Rayet-like progenitor of SN 2013cu from spectral observations of a stellar wind}",
  journal = {Nature},
archivePrefix = "arXiv",
   eprint = {1406.7640},
 primaryClass = "astro-ph.HE",
     year = 2014,
    month = may,
   volume = 509,
    pages = {471-474},
      doi = {10.1038/nature13304},
   adsurl = {http://adsabs.harvard.edu/abs/2014Natur.509..471G},
  adsnote = {Provided by the SAO/NASA Astrophysics Data System}
}

@article{Geva92,
  title="{A constructive method for multivariate function approximation by multilayer perceptrons}",
  author={{Geva}, S. and {Sitte}, J.},
  journal={Neural Networks, IEEE Transactions on},
  volume={3},
  number={4},
  pages={621--624},
  year={1992},
  publisher={IEEE}
}

@ARTICLE{Gezari12,
   author = {{Gezari}, S. and {Chornock}, R. and {Rest}, A. and {Huber}, M.~E. and 
	{Forster}, K. and {Berger}, E. and {Challis}, P.~J. and {Neill}, J.~D. and 
	{Martin}, D.~C. and {Heckman}, T. and {Lawrence}, A. and {Norman}, C. and 
	{Narayan}, G. and {Foley}, R.~J. and {Marion}, G.~H. and {Scolnic}, D. and 
	{Chomiuk}, L. and {Soderberg}, A. and {Smith}, K. and {Kirshner}, R.~P. and 
	{Riess}, A.~G. and {Smartt}, S.~J. and {Stubbs}, C.~W. and {Tonry}, J.~L. and 
	{Wood-Vasey}, W.~M. and {Burgett}, W.~S. and {Chambers}, K.~C. and 
	{Grav}, T. and {Heasley}, J.~N. and {Kaiser}, N. and {Kudritzki}, R.-P. and 
	{Magnier}, E.~A. and {Morgan}, J.~S. and {Price}, P.~A.},
    title = "{An ultraviolet-optical flare from the tidal disruption of a helium-rich stellar core}",
  journal = {Nature},
archivePrefix = "arXiv",
   eprint = {1205.0252},
 primaryClass = "astro-ph.CO",
     year = 2012,
    month = may,
   volume = 485,
    pages = {217-220},
      doi = {10.1038/nature10990},
   adsurl = {http://adsabs.harvard.edu/abs/2012Natur.485..217G},
  adsnote = {Provided by the SAO/NASA Astrophysics Data System}
}

@ARTICLE{Gezari10,
   author = {{Gezari}, S. and {Rest}, A. and {Huber}, M.~E. and {Narayan}, G. and 
	{Forster}, K. and {Neill}, J.~D. and {Martin}, D.~C. and {Valenti}, S. and 
	{Smartt}, S.~J. and {Chornock}, R. and {Berger}, E. and {Soderberg}, A.~M. and 
	{Mattila}, S. and {Kankare}, E. and {Burgett}, W.~S. and {Chambers}, K.~C. and 
	{Dombeck}, T. and {Grav}, T. and {Heasley}, J.~N. and {Hodapp}, K.~W. and 
	{Jedicke}, R. and {Kaiser}, N. and {Kudritzki}, R. and {Luppino}, G. and 
	{Lupton}, R.~H. and {Magnier}, E.~A. and {Monet}, D.~G. and 
	{Morgan}, J.~S. and {Onaka}, P.~M. and {Price}, P.~A. and {Rhoads}, P.~H. and 
	{Siegmund}, W.~A. and {Stubbs}, C.~W. and {Tonry}, J.~L. and 
	{Wainscoat}, R.~J. and {Waterson}, M.~F. and {Wynn-Williams}, C.~G.
	},
    title = "{GALEX and Pan-STARRS1 Discovery of SN IIP 2010aq: The First Few Days After Shock Breakout in a Red Supergiant Star}",
  journal = {ApJL},
archivePrefix = "arXiv",
   eprint = {1007.4551},
 primaryClass = "astro-ph.CO",
 keywords = {supernovae: individual: SN 2010aq, surveys, ultraviolet: general},
     year = 2010,
    month = sep,
   volume = 720,
    pages = {L77-L81},
      doi = {10.1088/2041-8205/720/1/L77},
   adsurl = {http://adsabs.harvard.edu/abs/2010ApJ...720L..77G},
  adsnote = {Provided by the SAO/NASA Astrophysics Data System}
}

@incollection{Ghahramani04,
  title={Unsupervised learning},
  author={{Ghahramani}, Z.},
  booktitle={Advanced Lectures on Machine Learning},
  pages={72--112},
  year={2004},
  publisher={Springer}
}

@article{Gini21,
  author={{Gini}, C.},
  journal={Econ. J.},
  volume={31},
  number={124},
  year={1921},
}

@ARTICLE{Goldstein15,
   author = {{Goldstein}, D.~A. and {D{\rsquo}Andrea}, C.~B. and {Fischer}, J.~A. and 
	{Foley}, R.~J. and {Gupta}, R.~R. and {Kessler}, R. and {Kim}, A.~G. and 
	{Nichol}, R.~C. and {Nugent}, P.~E. and {Papadopoulos}, A. and 
	{Sako}, M. and {Smith}, M. and {Sullivan}, M. and {Thomas}, R.~C. and 
	{Wester}, W. and {Wolf}, R.~C. and {Abdalla}, F.~B. and {Banerji}, M. and 
	{Benoit-L{\'e}vy}, A. and {Bertin}, E. and {Brooks}, D. and 
	{Carnero Rosell}, A. and {Castander}, F.~J. and {da Costa}, L.~N. and 
	{Covarrubias}, R. and {DePoy}, D.~L. and {Desai}, S. and {Diehl}, H.~T. and 
	{Doel}, P. and {Eifler}, T.~F. and {Fausti Neto}, A. and {Finley}, D.~A. and 
	{Flaugher}, B. and {Fosalba}, P. and {Frieman}, J. and {Gerdes}, D. and 
	{Gruen}, D. and {Gruendl}, R.~A. and {James}, D. and {Kuehn}, K. and 
	{Kuropatkin}, N. and {Lahav}, O. and {Li}, T.~S. and {Maia}, M.~A.~G. and 
	{Makler}, M. and {March}, M. and {Marshall}, J.~L. and {Martini}, P. and 
	{Merritt}, K.~W. and {Miquel}, R. and {Nord}, B. and {Ogando}, R. and 
	{Plazas}, A.~A. and {Romer}, A.~K. and {Roodman}, A. and {Sanchez}, E. and 
	{Scarpine}, V. and {Schubnell}, M. and {Sevilla-Noarbe}, I. and 
	{Smith}, R.~C. and {Soares-Santos}, M. and {Sobreira}, F. and 
	{Suchyta}, E. and {Swanson}, M.~E.~C. and {Tarle}, G. and {Thaler}, J. and 
	{Walker}, A.~R.},
    title = "{Automated Transient Identification in the Dark Energy Survey}",
  journal = {\aj},
archivePrefix = "arXiv",
   eprint = {1504.02936},
 primaryClass = "astro-ph.IM",
 keywords = {methods: data analysis, methods: statistical, supernovae: general},
     year = 2015,
    month = sep,
   volume = 150,
      eid = {82},
    pages = {82},
      doi = {10.1088/0004-6256/150/3/82},
   adsurl = {http://adsabs.harvard.edu/abs/2015AJ....150...82G},
  adsnote = {Provided by the SAO/NASA Astrophysics Data System}
}


@article{Golub70,
  title={Singular value decomposition and least squares solutions},
  author={{Golub}, G.~H. and {Reinsch}, C.},
  journal={Numerische mathematik},
  volume={14},
  number={5},
  pages={403--420},
  year={1970},
  publisher={Springer}
}

@ARTICLE{Gwyn12,
   author = {{Gwyn}, S.~D.~J.},
    title = "{The Canada-France-Hawaii Telescope Legacy Survey: Stacked Images and Catalogs}",
  journal = {\aj},
 keywords = {astrometry, surveys, techniques: image processing, techniques: photometric},
     year = 2012,
    month = feb,
   volume = 143,
      eid = {38},
    pages = {38},
      doi = {10.1088/0004-6256/143/2/38},
   adsurl = {http://adsabs.harvard.edu/abs/2012AJ....143...38G},
  adsnote = {Provided by the SAO/NASA Astrophysics Data System}
}

@book{Hastie09,
  title={The elements of statistical learning},
  author={{Hastie}, T. and {Tibshirani}, R. and {Friedman}, J.},
  volume={2},
  number={1},
  year={2009},
  publisher={Springer}
}

@article{Hinton06,
  title="{A fast learning algorithm for deep belief nets}",
  author={{Hinton}, G. and {Osindero}, S. and {Teh}, Y.~W.},
  journal={Neural computation},
  volume={18},
  number={7},
  pages={1527--1554},
  year={2006},
  publisher={MIT Press}
}

@INPROCEEDINGS{Hodapp04,
   author = {{Hodapp}, K.~W. and {Siegmund}, W.~A. and {Kaiser}, N. and {Chambers}, K.~C. and 
	{Laux}, U. and {Morgan}, J. and {Mannery}, E.},
    title = "{Optical design of the Pan-STARRS telescopes}",
booktitle = {Ground-based Telescopes},
     year = 2004,
   series = {Society of Photo-Optical Instrumentation Engineers (SPIE) Conference Series},
   volume = 5489,
   editor = {{Oschmann}, Jr., J.~M.},
    month = oct,
    pages = {667-678},
      doi = {10.1117/12.550179},
   adsurl = {http://adsabs.harvard.edu/abs/2004SPIE.5489..667H},
  adsnote = {Provided by the SAO/NASA Astrophysics Data System}
}

@ARTICLE{Huber15a,
   author = {{Huber}, M. and {Chambers}, K.~C. and {Flewelling}, H. and {Willman}, M. and 
	{Primak}, N. and {Schultz}, A. and {Gibson}, B. and {Magnier}, E. and 
	{Waters}, C. and {Tonry}, J. and {Wainscoat}, R.~J. and {Smith}, K.~W. and 
	{Wright}, D. and {Smartt}, S.~J. and {Foley}, R.~J. and {Jha}, S.~W. and 
	{Rest}, A. and {Scolnic}, D.},
    title = "{The Pan-STARRS Survey for Transients (PSST) - first announcement and public release}",
  journal = {The Astronomer's Telegram},
 keywords = {Supernovae},
     year = 2015,
    month = feb,
   volume = 7153,
   adsurl = {http://adsabs.harvard.edu/abs/2015ATel.7153....1H},
  adsnote = {Provided by the SAO/NASA Astrophysics Data System}
}

@book{Hyvarinen09,
  title={Natural Image Statistics: A probabilistic approach to early computational vision},
  author={{Hyv{\"a}rinen}, A. and {Hurri}, J. and {Hoyer}, P.~O.},
  volume={39},
  year={2009},
  publisher={Springer-Verlag New York Inc}
}

@ARTICLE{Inserra13,
   author = {{Inserra}, C. and {Smartt}, S.~J. and {Jerkstrand}, A. and {Valenti}, S. and 
	{Fraser}, M. and {Wright}, D. and {Smith}, K. and {Chen}, T.-W. and 
	{Kotak}, R. and {Pastorello}, A. and {Nicholl}, M. and {Bresolin}, F. and 
	{Kudritzki}, R.~P. and {Benetti}, S. and {Botticella}, M.~T. and 
	{Burgett}, W.~S. and {Chambers}, K.~C. and {Ergon}, M. and {Flewelling}, H. and 
	{Fynbo}, J.~P.~U. and {Geier}, S. and {Hodapp}, K.~W. and {Howell}, D.~A. and 
	{Huber}, M. and {Kaiser}, N. and {Leloudas}, G. and {Magill}, L. and 
	{Magnier}, E.~A. and {McCrum}, M.~G. and {Metcalfe}, N. and 
	{Price}, P.~A. and {Rest}, A. and {Sollerman}, J. and {Sweeney}, W. and 
	{Taddia}, F. and {Taubenberger}, S. and {Tonry}, J.~L. and {Wainscoat}, R.~J. and 
	{Waters}, C. and {Young}, D.},
    title = "{Super-luminous Type Ic Supernovae: Catching a Magnetar by the Tail}",
  journal = {\apj},
archivePrefix = "arXiv",
   eprint = {1304.3320},
 primaryClass = "astro-ph.HE",
 keywords = {stars: magnetars, supernovae: general, supernovae: individual: PTF10hgi PTF11rks SN 2011ke SN 2011kf SN 2012il},
     year = 2013,
    month = jun,
   volume = 770,
      eid = {128},
    pages = {128},
      doi = {10.1088/0004-637X/770/2/128},
   adsurl = {http://adsabs.harvard.edu/abs/2013ApJ...770..128I},
  adsnote = {Provided by the SAO/NASA Astrophysics Data System}
}

@ARTICLE{Ivezic08,
   author = {{Ivezi{\'c}}, Z. and {Tyson}, J.~A. and {Abel}, B. and {Acosta}, E. and 
	{Allsman}, R. and {AlSayyad}, Y. and {Anderson}, S.~F. and {Andrew}, J. and 
	{Angel}, R. and {Angeli}, G. and {Ansari}, R. and {Antilogus}, P. and 
	{Arndt}, K.~T. and {Astier}, P. and {Aubourg}, E. and {Axelrod}, T. and 
	{Bard}, D.~J. and {Barr}, J.~D. and {Barrau}, A. and {Bartlett}, J.~G. and 
	{Bauman}, B.~J. and {Beaumont}, S. and {Becker}, A.~C. and {Becla}, J. and 
	{Beldica}, C. and {Bellavia}, S. and {Blanc}, G. and {Blandford}, R.~D. and 
	{Bloom}, J.~S. and {Bogart}, J. and {Borne}, K. and {Bosch}, J.~F. and 
	{Boutigny}, D. and {Brandt}, W.~N. and {Brown}, M.~E. and {Bullock}, J.~S. and 
	{Burchat}, P. and {Burke}, D.~L. and {Cagnoli}, G. and {Calabrese}, D. and 
	{Chandrasekharan}, S. and {Chesley}, S. and {Cheu}, E.~C. and 
	{Chiang}, J. and {Claver}, C.~F. and {Connolly}, A.~J. and {Cook}, K.~H. and 
	{Cooray}, A. and {Covey}, K.~R. and {Cribbs}, C. and {Cui}, W. and 
	{Cutri}, R. and {Daubard}, G. and {Daues}, G. and {Delgado}, F. and 
	{Digel}, S. and {Doherty}, P. and {Dubois}, R. and {Dubois-Felsmann}, G.~P. and 
	{Durech}, J. and {Eracleous}, M. and {Ferguson}, H. and {Frank}, J. and 
	{Freemon}, M. and {Gangler}, E. and {Gawiser}, E. and {Geary}, J.~C. and 
	{Gee}, P. and {Geha}, M. and {Gibson}, R.~R. and {Gilmore}, D.~K. and 
	{Glanzman}, T. and {Goodenow}, I. and {Gressler}, W.~J. and 
	{Gris}, P. and {Guyonnet}, A. and {Hascall}, P.~A. and {Haupt}, J. and 
	{Hernandez}, F. and {Hogan}, C. and {Huang}, D. and {Huffer}, M.~E. and 
	{Innes}, W.~R. and {Jacoby}, S.~H. and {Jain}, B. and {Jee}, J. and 
	{Jernigan}, J.~G. and {Jevremovic}, D. and {Johns}, K. and {Jones}, R.~L. and 
	{Juramy-Gilles}, C. and {Juric}, M. and {Kahn}, S.~M. and {Kalirai}, J.~S. and 
	{Kallivayalil}, N. and {Kalmbach}, B. and {Kantor}, J.~P. and 
	{Kasliwal}, M.~M. and {Kessler}, R. and {Kirkby}, D. and {Knox}, L. and 
	{Kotov}, I. and {Krabbendam}, V.~L. and {Krughoff}, S. and {Kubanek}, P. and 
	{Kuczewski}, J. and {Kulkarni}, S. and {Lambert}, R. and {Le Guillou}, L. and 
	{Levine}, D. and {Liang}, M. and {Lim}, K. and {Lintott}, C. and 
	{Lupton}, R.~H. and {Mahabal}, A. and {Marshall}, P. and {Marshall}, S. and 
	{May}, M. and {McKercher}, R. and {Migliore}, M. and {Miller}, M. and 
	{Mills}, D.~J. and {Monet}, D.~G. and {Moniez}, M. and {Neill}, D.~R. and 
	{Nief}, J. and {Nomerotski}, A. and {Nordby}, M. and {O'Connor}, P. and 
	{Oliver}, J. and {Olivier}, S.~S. and {Olsen}, K. and {Ortiz}, S. and 
	{Owen}, R.~E. and {Pain}, R. and {Peterson}, J.~R. and {Petry}, C.~E. and 
	{Pierfederici}, F. and {Pietrowicz}, S. and {Pike}, R. and {Pinto}, P.~A. and 
	{Plante}, R. and {Plate}, S. and {Price}, P.~A. and {Prouza}, M. and 
	{Radeka}, V. and {Rajagopal}, J. and {Rasmussen}, A. and {Regnault}, N. and 
	{Ridgway}, S.~T. and {Ritz}, S. and {Rosing}, W. and {Roucelle}, C. and 
	{Rumore}, M.~R. and {Russo}, S. and {Saha}, A. and {Sassolas}, B. and 
	{Schalk}, T.~L. and {Schindler}, R.~H. and {Schneider}, D.~P. and 
	{Schumacher}, G. and {Sebag}, J. and {Sembroski}, G.~H. and 
	{Seppala}, L.~G. and {Shipsey}, I. and {Silvestri}, N. and {Smith}, J.~A. and 
	{Smith}, R.~C. and {Strauss}, M.~A. and {Stubbs}, C.~W. and 
	{Sweeney}, D. and {Szalay}, A. and {Takacs}, P. and {Thaler}, J.~J. and 
	{Van Berg}, R. and {Vanden Berk}, D. and {Vetter}, K. and {Virieux}, F. and 
	{Xin}, B. and {Walkowicz}, L. and {Walter}, C.~W. and {Wang}, D.~L. and 
	{Warner}, M. and {Willman}, B. and {Wittman}, D. and {Wolff}, S.~C. and 
	{Wood-Vasey}, W.~M. and {Yoachim}, P. and {Zhan}, H. and {for the LSST Collaboration}
	},
    title = "{LSST: from Science Drivers to Reference Design and Anticipated Data Products}",
  journal = {ArXiv e-prints},
archivePrefix = "arXiv",
   eprint = {0805.2366},
 keywords = {Astrophysics},
     year = 2008,
    month = may,
   adsurl = {http://adsabs.harvard.edu/abs/2008arXiv0805.2366I},
  adsnote = {Provided by the SAO/NASA Astrophysics Data System}
}


@INPROCEEDINGS{Kaiser10,
   author = {{Kaiser}, N. and {Burgett}, W. and {Chambers}, K. and {Denneau}, L. and 
	{Heasley}, J. and {Jedicke}, R. and {Magnier}, E. and {Morgan}, J. and 
	{Onaka}, P. and {Tonry}, J.},
    title = "{The Pan-STARRS wide-field optical/NIR imaging survey}",
booktitle = {Society of Photo-Optical Instrumentation Engineers (SPIE) Conference Series},
     year = 2010,
   series = {Society of Photo-Optical Instrumentation Engineers (SPIE) Conference Series},
   volume = 7733,
    month = jul,
      eid = {77330E},
      doi = {10.1117/12.859188},
   adsurl = {http://adsabs.harvard.edu/abs/2010SPIE.7733E..0EK},
  adsnote = {Provided by the SAO/NASA Astrophysics Data System}
}

@ARTICLE{Keller07,
   author = {{Keller}, S.~C. and {Schmidt}, B.~P. and {Bessell}, M.~S. and 
	{Conroy}, P.~G. and {Francis}, P. and {Granlund}, A. and {Kowald}, E. and 
	{Oates}, A.~P. and {Martin-Jones}, T. and {Preston}, T. and 
	{Tisserand}, P. and {Vaccarella}, A. and {Waterson}, M.~F.},
    title = "{The SkyMapper Telescope and The Southern Sky Survey}",
  journal = {PASA},
   eprint = {astro-ph/0702511},
 keywords = {telescopes, surveys, techniques: photometry,},
     year = 2007,
    month = may,
   volume = 24,
    pages = {1-12},
      doi = {10.1071/AS07001},
   adsurl = {http://adsabs.harvard.edu/abs/2007PASA...24....1K},
  adsnote = {Provided by the SAO/NASA Astrophysics Data System}
}

@ARTICLE{Kulkarni13,
   author = {{Kulkarni}, S.~R.},
    title = "{The intermediate Palomar Transient Factory (iPTF) begins}",
  journal = {The Astronomer's Telegram},
 keywords = {Radio, Infra-Red, Optical, Ultra-Violet, X-ray, Nova, Supernovae, Transient, Variables},
     year = {2013},
    month = {feb},
   volume = {4807},
    pages = {1},
   adsurl = {http://adsabs.harvard.edu/abs/2013ATel.4807....1K},
  adsnote = {Provided by the SAO/NASA Astrophysics Data System}
}


@INPROCEEDINGS{Larson03,
   author = {{Larson}, S. and {Beshore}, E. and {Hill}, R. and {Christensen}, E. and 
	{McLean}, D. and {Kolar}, S. and {McNaught}, R. and {Garradd}, G.
	},
    title = "{The CSS and SSS NEO surveys}",
booktitle = {AAS/Division for Planetary Sciences Meeting Abstracts \#35},
     year = {2003},
   series = {Bulletin of the American Astronomical Society},
   volume = {35},
    month = {may},
    pages = {982},
   adsurl = {http://adsabs.harvard.edu/abs/2003DPS....35.3604L},
  adsnote = {Provided by the SAO/NASA Astrophysics Data System}
}

@ARTICLE{Law09,
   author = {{Law}, N.~M. and {Kulkarni}, S.~R. and {Dekany}, R.~G. and {Ofek}, E.~O. and 
	{Quimby}, R.~M. and {Nugent}, P.~E. and {Surace}, J. and {Grillmair}, C.~C. and 
	{Bloom}, J.~S. and {Kasliwal}, M.~M. and {Bildsten}, L. and 
	{Brown}, T. and {Cenko}, S.~B. and {Ciardi}, D. and {Croner}, E. and 
	{Djorgovski}, S.~G. and {van Eyken}, J. and {Filippenko}, A.~V. and 
	{Fox}, D.~B. and {Gal-Yam}, A. and {Hale}, D. and {Hamam}, N. and 
	{Helou}, G. and {Henning}, J. and {Howell}, D.~A. and {Jacobsen}, J. and 
	{Laher}, R. and {Mattingly}, S. and {McKenna}, D. and {Pickles}, A. and 
	{Poznanski}, D. and {Rahmer}, G. and {Rau}, A. and {Rosing}, W. and 
	{Shara}, M. and {Smith}, R. and {Starr}, D. and {Sullivan}, M. and 
	{Velur}, V. and {Walters}, R. and {Zolkower}, J.},
    title = "{The Palomar Transient Factory: System Overview, Performance, and First Results}",
  journal = {PASP},
archivePrefix = "arXiv",
   eprint = {0906.5350},
 primaryClass = "astro-ph.IM",
 keywords = {Astronomical Techniques},
     year = 2009,
    month = dec,
   volume = 121,
    pages = {1395-1408},
      doi = {10.1086/648598},
   adsurl = {http://adsabs.harvard.edu/abs/2009PASP..121.1395L},
  adsnote = {Provided by the SAO/NASA Astrophysics Data System}
}

@article{LeCun98,
  title="{Gradient-based learning applied to document recognition}",
  author={{LeCun}, Y. and {Bottou}, L. and {Bengio}, Y. and {Haffner}, P.},
  journal={Proceedings of the IEEE},
  volume={86},
  number={11},
  pages={2278--2324},
  year={1998},
  publisher={IEEE}
}

@ARTICLE{Lunnan13,
   author = {{Lunnan}, R. and {Chornock}, R. and {Berger}, E. and {Milisavljevic}, D. and 
	{Drout}, M. and {Sanders}, N.~E. and {Challis}, P.~M. and {Czekala}, I. and 
	{Foley}, R.~J. and {Fong}, W. and {Huber}, M.~E. and {Kirshner}, R.~P. and 
	{Leibler}, C. and {Marion}, G.~H. and {McCrum}, M. and {Narayan}, G. and 
	{Rest}, A. and {Roth}, K.~C. and {Scolnic}, D. and {Smartt}, S.~J. and 
	{Smith}, K. and {Soderberg}, A.~M. and {Stubbs}, C.~W. and {Tonry}, J.~L. and 
	{Burgett}, W.~S. and {Chambers}, K.~C. and {Kudritzki}, R.-P. and 
	{Magnier}, E.~A. and {Price}, P.~A.},
    title = "{PS1-10bzj: A Fast, Hydrogen-poor Superluminous Supernova in a Metal-poor Host Galaxy}",
  journal = {ApJ},
archivePrefix = "arXiv",
   eprint = {1303.1531},
 primaryClass = "astro-ph.HE",
 keywords = {supernovae: general, supernovae: individual: PS1-10bzj },
     year = 2013,
    month = jul,
   volume = 771,
      eid = {97},
    pages = {97},
      doi = {10.1088/0004-637X/771/2/97},
   adsurl = {http://adsabs.harvard.edu/abs/2013ApJ...771...97L},
  adsnote = {Provided by the SAO/NASA Astrophysics Data System}
}

@ARTICLE{Magnier13,
   author = {{Magnier}, E.~A. and {Schlafly}, E. and {Finkbeiner}, D. and 
	{Juric}, M. and {Tonry}, J.~L. and {Burgett}, W.~S. and {Chambers}, K.~C. and 
	{Flewelling}, H.~A. and {Kaiser}, N. and {Kudritzki}, R.-P. and 
	{Morgan}, J.~S. and {Price}, P.~A. and {Sweeney}, W.~E. and 
	{Stubbs}, C.~W.},
    title = "{The Pan-STARRS 1 Photometric Reference Ladder, Release 12.01}",
  journal = {ApJS},
archivePrefix = "arXiv",
   eprint = {1303.3634},
 primaryClass = "astro-ph.IM",
 keywords = {catalogs, instrumentation: photometers, standards, surveys: PS1, techniques: photometric},
     year = 2013,
    month = apr,
   volume = 205,
      eid = {20},
    pages = {20},
      doi = {10.1088/0067-0049/205/2/20},
   adsurl = {http://adsabs.harvard.edu/abs/2013ApJS..205...20M},
  adsnote = {Provided by the SAO/NASA Astrophysics Data System}
}

@INPROCEEDINGS{Magnier06,
   author = {{Magnier}, E.},
    title = "{The Pan-STARRS PS1 Image Processing Pipeline}",
booktitle = {The Advanced Maui Optical and Space Surveillance Technologies Conference},
     year = 2006,
   adsurl = {http://adsabs.harvard.edu/abs/2006amos.confE..50M},
  adsnote = {Provided by the SAO/NASA Astrophysics Data System}
}

@ARTICLE{Marshall15,
   author = {{Marshall}, P.~J. and {Lintott}, C.~J. and {Fletcher}, L.~N.
	},
    title = "{Ideas for Citizen Science in Astronomy}",
  journal = {\araa},
archivePrefix = "arXiv",
   eprint = {1409.4291},
 primaryClass = "astro-ph.IM",
     year = 2015,
    month = aug,
   volume = 53,
    pages = {247-278},
      doi = {10.1146/annurev-astro-081913-035959},
   adsurl = {http://adsabs.harvard.edu/abs/2015ARA%26A..53..247M},
  adsnote = {Provided by the SAO/NASA Astrophysics Data System}
}

@ARTICLE{Marshall16,
   author = {{Marshall}, P.~J. and {Verma}, A. and {More}, A. and {Davis}, C.~P. and 
	{More}, S. and {Kapadia}, A. and {Parrish}, M. and {Snyder}, C. and 
	{Wilcox}, J. and {Baeten}, E. and {Macmillan}, C. and {Cornen}, C. and 
	{Baumer}, M. and {Simpson}, E. and {Lintott}, C.~J. and {Miller}, D. and 
	{Paget}, E. and {Simpson}, R. and {Smith}, A.~M. and {K{\"u}ng}, R. and 
	{Saha}, P. and {Collett}, T.~E.},
    title = "{SPACE WARPS - I. Crowdsourcing the discovery of gravitational lenses}",
  journal = {\mnras},
archivePrefix = "arXiv",
   eprint = {1504.06148},
 primaryClass = "astro-ph.IM",
 keywords = {gravitational lensing: strong, methods: statistical},
     year = 2016,
    month = jan,
   volume = 455,
    pages = {1171-1190},
      doi = {10.1093/mnras/stv2009},
   adsurl = {http://adsabs.harvard.edu/abs/2016MNRAS.455.1171M},
  adsnote = {Provided by the SAO/NASA Astrophysics Data System}
}

@ARTICLE{McCrum14,
   author = {{McCrum}, M. and {Smartt}, S.~J. and {Kotak}, R. and {Rest}, A. and 
	{Jerkstrand}, A. and {Inserra}, C. and {Rodney}, S.~A. and {Chen}, T.-W. and 
	{Howell}, D.~A. and {Huber}, M.~E. and {Pastorello}, A. and 
	{Tonry}, J.~L. and {Bresolin}, F. and {Kudritzki}, R.-P. and 
	{Chornock}, R. and {Berger}, E. and {Smith}, K. and {Botticella}, M.~T. and 
	{Foley}, R.~J. and {Fraser}, M. and {Milisavljevic}, D. and 
	{Nicholl}, M. and {Riess}, A.~G. and {Stubbs}, C.~W. and {Valenti}, S. and 
	{Wood-Vasey}, W.~M. and {Wright}, D. and {Young}, D.~R. and 
	{Drout}, M. and {Czekala}, I. and {Burgett}, W.~S. and {Chambers}, K.~C. and 
	{Draper}, P. and {Flewelling}, H. and {Hodapp}, K.~W. and {Kaiser}, N. and 
	{Magnier}, E.~A. and {Metcalfe}, N. and {Price}, P.~A. and {Sweeney}, W. and 
	{Wainscoat}, R.~J.},
    title = "{The superluminous supernova PS1-11ap: bridging the gap between low and high redshift}",
  journal = {MNRAS},
archivePrefix = "arXiv",
   eprint = {1310.4417},
 primaryClass = "astro-ph.CO",
 keywords = {supernovae: general, supernovae: individual: PS1-11ap},
     year = 2014,
    month = jan,
   volume = 437,
    pages = {656-674},
      doi = {10.1093/mnras/stt1923},
   adsurl = {http://adsabs.harvard.edu/abs/2014MNRAS.437..656M},
  adsnote = {Provided by the SAO/NASA Astrophysics Data System}
}

@ARTICLE{McCrum15,
   author = {{McCrum}, M. and {Smartt}, S.~J. and {Rest}, A. and {Smith}, K. and 
	{Kotak}, R. and {Rodney}, S.~A. and {Young}, D.~R. and {Chornock}, R. and 
	{Berger}, E. and {Foley}, R.~J. and {Fraser}, M. and {Wright}, D. and 
	{Scolnic}, D. and {Tonry}, J.~L. and {Urata}, Y. and {Huang}, K. and 
	{Pastorello}, A. and {Botticella}, M.~T. and {Valenti}, S. and 
	{Mattila}, S. and {Kankare}, E. and {Farrow}, D.~J. and {Huber}, M.~E. and 
	{Stubbs}, C.~W. and {Kirshner}, R.~P. and {Bresolin}, F. and 
	{Burgett}, W.~S. and {Chambers}, K.~C. and {Draper}, P.~W. and 
	{Flewelling}, H. and {Jedicke}, R. and {Kaiser}, N. and {Magnier}, E.~A. and 
	{Metcalfe}, N. and {Morgan}, J.~S. and {Price}, P.~A. and {Sweeney}, W. and 
	{Wainscoat}, R.~J. and {Waters}, C.},
    title = "{Selecting superluminous supernovae in faint galaxies from the first year of the Pan-STARRS1 Medium Deep Survey}",
  journal = {MNRAS},
archivePrefix = "arXiv",
   eprint = {1402.1631},
 primaryClass = "astro-ph.HE",
 keywords = {supernovae: general, supernovae: individual: PS1-10pm, supernovae: individual: PS1-10ahf},
     year = 2015,
    month = apr,
   volume = 448,
    pages = {1206-1231},
      doi = {10.1093/mnras/stv034},
   adsurl = {http://adsabs.harvard.edu/abs/2015MNRAS.448.1206M},
  adsnote = {Provided by the SAO/NASA Astrophysics Data System}
}


@ARTICLE{Miller15,
   author = {{Miller}, A.~A. and {Bloom}, J.~S. and {Richards}, J.~W. and 
	{Lee}, Y.~S. and {Starr}, D.~L. and {Butler}, N.~R. and {Tokarz}, S. and 
	{Smith}, N. and {Eisner}, J.~A.},
    title = "{A Machine-learning Method to Infer Fundamental Stellar Parameters from Photometric Light Curves}",
  journal = {ApJ},
archivePrefix = "arXiv",
   eprint = {1411.1073},
 primaryClass = "astro-ph.SR",
 keywords = {methods: data analysis, methods: statistical, stars: general, stars: statistics, stars: variables: general, surveys},
     year = 2015,
    month = jan,
   volume = 798,
      eid = {122},
    pages = {122},
      doi = {10.1088/0004-637X/798/2/122},
   adsurl = {http://adsabs.harvard.edu/abs/2015ApJ...798..122M},
  adsnote = {Provided by the SAO/NASA Astrophysics Data System}
}

@article{Murtagh91,
  title="{Multilayer perceptrons for classification and regression}",
  author={{Murtagh}, F.},
  journal={Neurocomputing},
  volume={2},
  number={5},
  pages={183--197},
  year={1991},
  publisher={Elsevier}
}

@book{Nocedal06,
  title={Numerical Optimization (2nd edition)},
  author={{Nocedal}, J. and {Wright}, S.~J.},
  year={2006},
  publisher={Springer}
}

@incollection{Ngiam11,
title = {Sparse Filtering},
author = {{Ngiam}, J. and {Chen}, Z. and {Bhaskar}, S.~A. and Koh, P.~W. and Ng, A.~Y.},
booktitle = {Advances in Neural Information Processing Systems 24},
editor = {J. Shawe-Taylor and R.S. Zemel and P.L. Bartlett and F. Pereira and K.Q. Weinberger},
pages = {1125--1133},
year = {2011},
publisher = {Curran Associates, Inc.},
url = {http://papers.nips.cc/paper/4334-sparse-filtering.pdf}
}

@ARTICLE{Pastorello10,
   author = {{Pastorello}, A. and {Smartt}, S.~J. and {Botticella}, M.~T. and 
	{Maguire}, K. and {Fraser}, M. and {Smith}, K. and {Kotak}, R. and 
	{Magill}, L. and {Valenti}, S. and {Young}, D.~R. and {Gezari}, S. and 
	{Bresolin}, F. and {Kudritzki}, R. and {Howell}, D.~A. and {Rest}, A. and 
	{Metcalfe}, N. and {Mattila}, S. and {Kankare}, E. and {Huang}, K.~Y. and 
	{Urata}, Y. and {Burgett}, W.~S. and {Chambers}, K.~C. and {Dombeck}, T. and 
	{Flewelling}, H. and {Grav}, T. and {Heasley}, J.~N. and {Hodapp}, K.~W. and 
	{Kaiser}, N. and {Luppino}, G.~A. and {Lupton}, R.~H. and {Magnier}, E.~A. and 
	{Monet}, D.~G. and {Morgan}, J.~S. and {Onaka}, P.~M. and {Price}, P.~A. and 
	{Rhoads}, P.~H. and {Siegmund}, W.~A. and {Stubbs}, C.~W. and 
	{Sweeney}, W.~E. and {Tonry}, J.~L. and {Wainscoat}, R.~J. and 
	{Waterson}, M.~F. and {Waters}, C. and {Wynn-Williams}, C.~G.
	},
    title = "{Ultra-bright Optical Transients are Linked with Type Ic Supernovae}",
  journal = {ApJL},
archivePrefix = "arXiv",
   eprint = {1008.2674},
 primaryClass = "astro-ph.SR",
 keywords = {supernovae: general, supernovae: individual: SN 2010gx SCP-06F6 SN 2005ap},
     year = 2010,
    month = nov,
   volume = 724,
    pages = {L16-L21},
      doi = {10.1088/2041-8205/724/1/L16},
   adsurl = {http://adsabs.harvard.edu/abs/2010ApJ...724L..16P},
  adsnote = {Provided by the SAO/NASA Astrophysics Data System}
}

@ARTICLE{Perlmutter99,
   author = {{Perlmutter}, S. and {Aldering}, G. and {Goldhaber}, G. and 
	{Knop}, R.~A. and {Nugent}, P. and {Castro}, P.~G. and {Deustua}, S. and 
	{Fabbro}, S. and {Goobar}, A. and {Groom}, D.~E. and {Hook}, I.~M. and 
	{Kim}, A.~G. and {Kim}, M.~Y. and {Lee}, J.~C. and {Nunes}, N.~J. and 
	{Pain}, R. and {Pennypacker}, C.~R. and {Quimby}, R. and {Lidman}, C. and 
	{Ellis}, R.~S. and {Irwin}, M. and {McMahon}, R.~G. and {Ruiz-Lapuente}, P. and 
	{Walton}, N. and {Schaefer}, B. and {Boyle}, B.~J. and {Filippenko}, A.~V. and 
	{Matheson}, T. and {Fruchter}, A.~S. and {Panagia}, N. and {Newberg}, H.~J.~M. and 
	{Couch}, W.~J. and {Project}, T.~S.~C.},
    title = "{Measurements of {$\Omega$} and {$\Lambda$} from 42 High-Redshift Supernovae}",
  journal = {ApJ},
   eprint = {astro-ph/9812133},
 keywords = {COSMOLOGY: OBSERVATIONS, COSMOLOGY: DISTANCE SCALE, STARS: SUPERNOVAE: GENERAL, Cosmology: Observations, Cosmology: Distance Scale, Stars: Supernovae: General},
     year = 1999,
    month = jun,
   volume = 517,
    pages = {565-586},
      doi = {10.1086/307221},
   adsurl = {http://adsabs.harvard.edu/abs/1999ApJ...517..565P},
  adsnote = {Provided by the SAO/NASA Astrophysics Data System}
}

@ARTICLE{Quimby11,
   author = {{Quimby}, R.~M. and {Kulkarni}, S.~R. and {Kasliwal}, M.~M. and 
	{Gal-Yam}, A. and {Arcavi}, I. and {Sullivan}, M. and {Nugent}, P. and 
	{Thomas}, R. and {Howell}, D.~A. and {Nakar}, E. and {Bildsten}, L. and 
	{Theissen}, C. and {Law}, N.~M. and {Dekany}, R. and {Rahmer}, G. and 
	{Hale}, D. and {Smith}, R. and {Ofek}, E.~O. and {Zolkower}, J. and 
	{Velur}, V. and {Walters}, R. and {Henning}, J. and {Bui}, K. and 
	{McKenna}, D. and {Poznanski}, D. and {Cenko}, S.~B. and {Levitan}, D.
	},
    title = "{Hydrogen-poor superluminous stellar explosions}",
  journal = {Nature},
archivePrefix = "arXiv",
   eprint = {0910.0059},
 primaryClass = "astro-ph.CO",
     year = 2011,
    month = jun,
   volume = 474,
    pages = {487-489},
      doi = {10.1038/nature10095},
   adsurl = {http://adsabs.harvard.edu/abs/2011Natur.474..487Q},
  adsnote = {Provided by the SAO/NASA Astrophysics Data System}
}


@inproceedings{Raina07,
  title="{Self-taught learning: transfer learning from unlabeled data}",
  author={{Raina}, R. and {Battle}, A. and {Lee}, H. and {Packer}, B. and {Ng}, A.~Y.},
  booktitle={Proceedings of the 24th international conference on Machine learning},
  pages={759--766},
  year={2007},
  organization={ACM}
}

@ARTICLE{Rau09,
   author = {{Rau}, A. and {Kulkarni}, S.~R. and {Law}, N.~M. and {Bloom}, J.~S. and 
	{Ciardi}, D. and {Djorgovski}, G.~S. and {Fox}, D.~B. and {Gal-Yam}, A. and 
	{Grillmair}, C.~C. and {Kasliwal}, M.~M. and {Nugent}, P.~E. and 
	{Ofek}, E.~O. and {Quimby}, R.~M. and {Reach}, W.~T. and {Shara}, M. and 
	{Bildsten}, L. and {Cenko}, S.~B. and {Drake}, A.~J. and {Filippenko}, A.~V. and 
	{Helfand}, D.~J. and {Helou}, G. and {Howell}, D.~A. and {Poznanski}, D. and 
	{Sullivan}, M.},
    title = "{Exploring the Optical Transient Sky with the Palomar Transient Factory}",
  journal = {PASP},
archivePrefix = "arXiv",
   eprint = {0906.5355},
 primaryClass = "astro-ph.CO",
 keywords = {Supernovae},
     year = 2009,
    month = dec,
   volume = 121,
    pages = {1334-1351},
      doi = {10.1086/605911},
   adsurl = {http://adsabs.harvard.edu/abs/2009PASP..121.1334R},
  adsnote = {Provided by the SAO/NASA Astrophysics Data System}
}

@ARTICLE{Ridgway14,
   author = {{Ridgway}, S.~T. and {Matheson}, T. and {Mighell}, K.~J. and 
	{Olsen}, K.~A. and {Howell}, S.~B.},
    title = "{The Variable Sky of Deep Synoptic Surveys}",
  journal = {ApJ},
archivePrefix = "arXiv",
   eprint = {1409.3265},
 primaryClass = "astro-ph.SR",
 keywords = {galaxies: active, minor planets, asteroids: general, quasars: general, stars: general, surveys, techniques: miscellaneous },
     year = 2014,
    month = nov,
   volume = 796,
      eid = {53},
    pages = {53},
      doi = {10.1088/0004-637X/796/1/53},
   adsurl = {http://adsabs.harvard.edu/abs/2014ApJ...796...53R},
  adsnote = {Provided by the SAO/NASA Astrophysics Data System}
}


@ARTICLE{Riess98,
   author = {{Riess}, A.~G. and {Filippenko}, A.~V. and {Challis}, P. and 
	{Clocchiatti}, A. and {Diercks}, A. and {Garnavich}, P.~M. and 
	{Gilliland}, R.~L. and {Hogan}, C.~J. and {Jha}, S. and {Kirshner}, R.~P. and 
	{Leibundgut}, B. and {Phillips}, M.~M. and {Reiss}, D. and {Schmidt}, B.~P. and 
	{Schommer}, R.~A. and {Smith}, R.~C. and {Spyromilio}, J. and 
	{Stubbs}, C. and {Suntzeff}, N.~B. and {Tonry}, J.},
    title = "{Observational Evidence from Supernovae for an Accelerating Universe and a Cosmological Constant}",
  journal = {AJ},
   eprint = {astro-ph/9805201},
 keywords = {COSMOLOGY: OBSERVATIONS, STARS: SUPERNOVAE: GENERAL},
     year = 1998,
    month = sep,
   volume = 116,
    pages = {1009-1038},
      doi = {10.1086/300499},
   adsurl = {http://adsabs.harvard.edu/abs/1998AJ....116.1009R},
  adsnote = {Provided by the SAO/NASA Astrophysics Data System}
}

@ARTICLE{Rest05,
   author = {{Rest}, A. and {Stubbs}, C. and {Becker}, A.~C. and {Miknaitis}, G.~A. and 
	{Miceli}, A. and {Covarrubias}, R. and {Hawley}, S.~L. and {Smith}, R.~C. and 
	{Suntzeff}, N.~B. and {Olsen}, K. and {Prieto}, J.~L. and {Hiriart}, R. and 
	{Welch}, D.~L. and {Cook}, K.~H. and {Nikolaev}, S. and {Huber}, M. and 
	{Prochtor}, G. and {Clocchiatti}, A. and {Minniti}, D. and {Garg}, A. and 
	{Challis}, P. and {Keller}, S.~C. and {Schmidt}, B.~P.},
    title = "{Testing LMC Microlensing Scenarios: The Discrimination Power of the SuperMACHO Microlensing Survey}",
  journal = {ApJ},
   eprint = {astro-ph/0509240},
 keywords = {Cosmology: Dark Matter, Galaxies: Halos, Galaxies: Structure, Galaxy: Structure, Cosmology: Gravitational Lensing, Galaxies: Magellanic Clouds},
     year = 2005,
    month = dec,
   volume = 634,
    pages = {1103-1115},
      doi = {10.1086/497060},
   adsurl = {http://adsabs.harvard.edu/abs/2005ApJ...634.1103R},
  adsnote = {Provided by the SAO/NASA Astrophysics Data System}
}

@article{Rest14,
  author={{Rest}, A. and {Scolnic}, D. and {Foley}, R.~J. and {Huber}, M.~E. and {Chornock}, R. and {Narayan}, G. and {Tonry}, J.~L. and
  {Berger}, E. and {Soderberg}, A.~M. and {Stubbs}, C.~W. and {Riess}, A. and {Kirshner}, R.~P. and {Smartt} S.~J. and {Schlafly}, E. and {Rodney}, S. and
{Botticella}, M.~T. and {Brout}, D. and {Challis}, P. and {Czekala}, I. and {Drout}, M. and {Hudson}, M.~J. and {Kotak}, R. and {Leibler}, C. and {Lunnan}, R. and
{Marion}, G.~H. and {McCrum}, M. and {Milisavljevic}, D. and {Pastorello}, A. and {Sanders}, N.~E. and {Smith}, K. and {Stafford}, E. and {Thilker}, D. and
{Valenti}, S. and {Wood-Vasey}, W.~M. and {Zheng}, Z. and {Burgett}, W.~S. and {Chambers}, K.~C. and {Denneau}, L. and {Draper}, P.~W. and
{Flewelling}, H. and {Hodapp}, K.~W. and {Kaiser}, N. and {Kudritzki}, R.-P. and {Magnier}, E.~A. and {Metcalfe}, N. and {Price}, P.~A. and
{Sweeney}, W. and {Wainscoat}, R. and {Waters}, C.},
  title={Cosmological Constraints from Measurements of TypeÂ Ia Supernovae Discovered during the First 1.5Â yr of the Pan-STARRS1 Survey},
  journal={ApJ},
  volume={795},
  number={1},
  pages={44},
  url={http://stacks.iop.org/0004-637X/795/i=1/a=44},
  year={2014},
}

@ARTICLE{Richards02,
   author = {{Richards}, G.~T. and {Fan}, X. and {Newberg}, H.~J. and {Strauss}, M.~A. and 
	{Vanden Berk}, D.~E. and {Schneider}, D.~P. and {Yanny}, B. and 
	{Boucher}, A. and {Burles}, S. and {Frieman}, J.~A. and {Gunn}, J.~E. and 
	{Hall}, P.~B. and {Ivezi{\'c}}, {\v Z}. and {Kent}, S. and {Loveday}, J. and 
	{Lupton}, R.~H. and {Rockosi}, C.~M. and {Schlegel}, D.~J. and 
	{Stoughton}, C. and {SubbaRao}, M. and {York}, D.~G.},
    title = "{Spectroscopic Target Selection in the Sloan Digital Sky Survey: The Quasar Sample}",
  journal = {\aj},
   eprint = {astro-ph/0202251},
 keywords = {Galaxies: Quasars: General, Surveys},
     year = 2002,
    month = jun,
   volume = 123,
    pages = {2945-2975},
      doi = {10.1086/340187},
   adsurl = {http://adsabs.harvard.edu/abs/2002AJ....123.2945R},
  adsnote = {Provided by the SAO/NASA Astrophysics Data System}
}

@inproceedings{Romano06,
  title="{Supernova recognition using support vector machines}",
  author={{Romano}, R.~A. and {Aragon}, C.~R. and {Ding}, C.},
  booktitle={Machine Learning and Applications, 2006. ICMLA'06. 5th International Conference on},
  pages={77--82},
  year={2006},
  organization={IEEE}
}

@ARTICLE{Saglia12,
   author = {{Saglia}, R.~P. and {Tonry}, J.~L. and {Bender}, R. and {Greisel}, N. and 
	{Seitz}, S. and {Senger}, R. and {Snigula}, J. and {Phleps}, S. and 
	{Wilman}, D. and {Bailer-Jones}, C.~A.~L. and {Klement}, R.~J. and 
	{Rix}, H.-W. and {Smith}, K. and {Green}, P.~J. and {Burgett}, W.~S. and 
	{Chambers}, K.~C. and {Heasley}, J.~N. and {Kaiser}, N. and 
	{Magnier}, E.~A. and {Morgan}, J.~S. and {Price}, P.~A. and 
	{Stubbs}, C.~W. and {Wainscoat}, R.~J.},
    title = "{The Photometric Classification Server for Pan-STARRS1}",
  journal = {ApJ},
archivePrefix = "arXiv",
   eprint = {1109.5080},
 keywords = {galaxies: active, galaxies: distances and redshifts, stars: general, surveys},
     year = 2012,
    month = feb,
   volume = 746,
      eid = {128},
    pages = {128},
      doi = {10.1088/0004-637X/746/2/128},
   adsurl = {http://adsabs.harvard.edu/abs/2012ApJ...746..128S},
  adsnote = {Provided by the SAO/NASA Astrophysics Data System}
}

@ARTICLE{Sako08,
   author = {{Sako}, M. and {Bassett}, B. and {Becker}, A. and {Cinabro}, D. and 
	{DeJongh}, F. and {Depoy}, D.~L. and {Dilday}, B. and {Doi}, M. and 
	{Frieman}, J.~A. and {Garnavich}, P.~M. and {Hogan}, C.~J. and 
	{Holtzman}, J. and {Jha}, S. and {Kessler}, R. and {Konishi}, K. and 
	{Lampeitl}, H. and {Marriner}, J. and {Miknaitis}, G. and {Nichol}, R.~C. and 
	{Prieto}, J.~L. and {Riess}, A.~G. and {Richmond}, M.~W. and 
	{Romani}, R. and {Schneider}, D.~P. and {Smith}, M. and {SubbaRao}, M. and 
	{Takanashi}, N. and {Tokita}, K. and {van der Heyden}, K. and 
	{Yasuda}, N. and {Zheng}, C. and {Barentine}, J. and {Brewington}, H. and 
	{Choi}, C. and {Dembicky}, J. and {Harnavek}, M. and {Ihara}, Y. and 
	{Im}, M. and {Ketzeback}, W. and {Kleinman}, S.~J. and {Krzesi{\'n}ski}, J. and 
	{Long}, D.~C. and {Malanushenko}, E. and {Malanushenko}, V. and 
	{McMillan}, R.~J. and {Morokuma}, T. and {Nitta}, A. and {Pan}, K. and 
	{Saurage}, G. and {Snedden}, S.~A.},
    title = "{The Sloan Digital Sky Survey-II Supernova Survey: Search Algorithm and Follow-up Observations}",
  journal = {AJ},
archivePrefix = "arXiv",
   eprint = {0708.2750},
 keywords = {cosmology: observations, methods: data analysis, techniques: image processing, supernovae: general, surveys },
     year = 2008,
    month = jan,
   volume = 135,
      eid = {348},
    pages = {348-373},
      doi = {10.1088/0004-6256/135/1/348},
   adsurl = {http://adsabs.harvard.edu/abs/2008AJ....135..348S},
  adsnote = {Provided by the SAO/NASA Astrophysics Data System}
}

@ARTICLE{Schlafly12,
   author = {{Schlafly}, E.~F. and {Finkbeiner}, D.~P. and {Juri{\'c}}, M. and 
	{Magnier}, E.~A. and {Burgett}, W.~S. and {Chambers}, K.~C. and 
	{Grav}, T. and {Hodapp}, K.~W. and {Kaiser}, N. and {Kudritzki}, R.-P. and 
	{Martin}, N.~F. and {Morgan}, J.~S. and {Price}, P.~A. and {Rix}, H.-W. and 
	{Stubbs}, C.~W. and {Tonry}, J.~L. and {Wainscoat}, R.~J.},
    title = "{Photometric Calibration of the First 1.5 Years of the Pan-STARRS1 Survey}",
  journal = {ApJ},
archivePrefix = "arXiv",
   eprint = {1201.2208},
 primaryClass = "astro-ph.IM",
 keywords = {atmospheric effects, methods: data analysis, surveys, techniques: photometric},
     year = 2012,
    month = sep,
   volume = 756,
      eid = {158},
    pages = {158},
      doi = {10.1088/0004-637X/756/2/158},
   adsurl = {http://adsabs.harvard.edu/abs/2012ApJ...756..158S},
  adsnote = {Provided by the SAO/NASA Astrophysics Data System}
}

@ARTICLE{Schwamb12,
   author = {{Schwamb}, M.~E. and {Lintott}, C.~J. and {Fischer}, D.~A. and 
	{Giguere}, M.~J. and {Lynn}, S. and {Smith}, A.~M. and {Brewer}, J.~M. and 
	{Parrish}, M. and {Schawinski}, K. and {Simpson}, R.~J.},
    title = "{Planet Hunters: Assessing the Kepler Inventory of Short-period Planets}",
  journal = {\apj},
archivePrefix = "arXiv",
   eprint = {1205.6769},
 primaryClass = "astro-ph.EP",
 keywords = {planets and satellites: detection, planets and satellites: general},
     year = 2012,
    month = aug,
   volume = 754,
      eid = {129},
    pages = {129},
      doi = {10.1088/0004-637X/754/2/129},
   adsurl = {http://adsabs.harvard.edu/abs/2012ApJ...754..129S},
  adsnote = {Provided by the SAO/NASA Astrophysics Data System}
}


@article{Shannon48,
  author={{Shannon}, C.~E.},
  journal={BSTJ},
  volume={27},
  number={379},
  year={1948},
}

@ARTICLE{Smartt13,
   author = {{Smartt}, S.~J. and {Valenti}, S. and {Fraser}, M. and {Inserra}, C. and 
	{Young}, D.~R. and {Sullivan}, M. and {Benetti}, S. and {Gal-Yam}, A. and 
	{Knapic}, C. and {Molinaro}, M. and {Pastorello}, A. and {Smareglia}, R. and 
	{Smith}, K.~W. and {Taubenberger}, S. and {Yaron}, O.},
    title = "{PESSTO: The Public ESO Spectroscopic Survey of Transient Objects}",
  journal = {The Messenger},
     year = 2013,
    month = dec,
   volume = 154,
    pages = {50-52},
   adsurl = {http://adsabs.harvard.edu/abs/2013Msngr.154...50S},
  adsnote = {Provided by the SAO/NASA Astrophysics Data System}
}

@ARTICLE{SmarttAtel14,
   author = {{Smartt}, S.~J. and {Smith}, K.~W. and {Wright}, D. and {Young}, D.~R. and 
	{Kotak}, R. and {Nicholl}, M. and {Polshaw}, J. and {Inserra}, C. and 
	{Chen}, T.-W. and {Terreran}, G. and {Gall}, E. and {Fraser}, M. and 
	{McCrum}, M. and {Valenti}, S. and {Foley}, R. and {Lawrence}, A. and 
	{Gezari}, S. and {Burgett}, W. and {Chambers}, K. and {Huber}, M. and 
	{Kudritzki}, R.~P. and {Magnier}, E. and {Morgan}, J. and {Tonry}, J. and 
	{Sweeney}, W. and {Stubbs}, C.~W.~C. and {Kirshner}, R. and 
	{Metcalfe}, N. and {Rest}, P.~D.~A.},
    title = "{Probable supernova discovered in NGC 4258 (Messier 106) by Pan-STARRS1.}",
  journal = {The Astronomer's Telegram},
 keywords = {Supernovae},
     year = 2014,
    month = may,
   volume = 6156,
    pages = {1},
   adsurl = {http://adsabs.harvard.edu/abs/2014ATel.6156....1S},
  adsnote = {Provided by the SAO/NASA Astrophysics Data System}
}

@ARTICLE{Smartt15,
   author = {{Smartt}, S.~J. and {Valenti}, S. and {Fraser}, M. and {Inserra}, C. and 
	{Young}, D.~R. and {Sullivan}, M. and {Pastorello}, A. and {Benetti}, S. and 
	{Gal-Yam}, A. and {Knapic}, C. and {Molinaro}, M. and {Smareglia}, R. and 
	{Smith}, K.~W. and {Taubenberger}, S. and {Yaron}, O. and {Anderson}, J.~P. and 
	{Ashall}, C. and {Balland}, C. and {Baltay}, C. and {Barbarino}, C. and 
	{Bauer}, F.~E. and {Baumont}, S. and {Bersier}, D. and {Blagorodnova}, N. and 
	{Bongard}, S. and {Botticella}, M.~T. and {Bufano}, F. and {Bulla}, M. and 
	{Cappellaro}, E. and {Campbell}, H. and {Cellier-Holzem}, F. and 
	{Chen}, T.-W. and {Childress}, M.~J. and {Clocchiatti}, A. and 
	{Contreras}, C. and {Dall'Ora}, M. and {Danziger}, J. and {de Jaeger}, T. and 
	{De Cia}, A. and {Della Valle}, M. and {Dennefeld}, M. and {Elias-Rosa}, N. and 
	{Elman}, N. and {Feindt}, U. and {Fleury}, M. and {Gall}, E. and 
	{Gonzalez-Gaitan}, S. and {Galbany}, L. and {Morales Garoffolo}, A. and 
	{Greggio}, L. and {Guillou}, L.~L. and {Hachinger}, S. and {Hadjiyska}, E. and 
	{Hage}, P.~E. and {Hillebrandt}, W. and {Hodgkin}, S. and {Hsiao}, E.~Y. and 
	{James}, P.~A. and {Jerkstrand}, A. and {Kangas}, T. and {Kankare}, E. and 
	{Kotak}, R. and {Kromer}, M. and {Kuncarayakti}, H. and {Leloudas}, G. and 
	{Lundqvist}, P. and {Lyman}, J.~D. and {Hook}, I.~M. and {Maguire}, K. and 
	{Manulis}, I. and {Margheim}, S.~J. and {Mattila}, S. and {Maund}, J.~R. and 
	{Mazzali}, P.~A. and {McCrum}, M. and {McKinnon}, R. and {Moreno-Raya}, M.~E. and 
	{Nicholl}, M. and {Nugent}, P. and {Pain}, R. and {Pignata}, G. and 
	{Phillips}, M.~M. and {Polshaw}, J. and {Pumo}, M.~L. and {Rabinowitz}, D. and 
	{Reilly}, E. and {Romero-Ca{\~n}izales}, C. and {Scalzo}, R. and 
	{Schmidt}, B. and {Schulze}, S. and {Sim}, S. and {Sollerman}, J. and 
	{Taddia}, F. and {Tartaglia}, L. and {Terreran}, G. and {Tomasella}, L. and 
	{Turatto}, M. and {Walker}, E. and {Walton}, N.~A. and {Wyrzykowski}, L. and 
	{Yuan}, F. and {Zampieri}, L.},
    title = "{PESSTO: survey description and products from the first data release by the Public ESO Spectroscopic Survey of Transient Objects}",
  journal = {\aap},
archivePrefix = "arXiv",
   eprint = {1411.0299},
 primaryClass = "astro-ph.SR",
 keywords = {instrumentation: spectrographs, methods: data analysis, techniques: spectroscopic, surveys, supernovae: general},
     year = 2015,
    month = jul,
   volume = 579,
      eid = {A40},
    pages = {A40},
      doi = {10.1051/0004-6361/201425237},
   adsurl = {http://adsabs.harvard.edu/abs/2015A%26A...579A..40S},
  adsnote = {Provided by the SAO/NASA Astrophysics Data System}
}

@ARTICLE{Smith11,
   author = {{Smith}, A.~M. and {Lynn}, S. and {Sullivan}, M. and {Lintott}, C.~J. and 
	{Nugent}, P.~E. and {Botyanszki}, J. and {Kasliwal}, M. and 
	{Quimby}, R. and {Bamford}, S.~P. and {Fortson}, L.~F. and {Schawinski}, K. and 
	{Hook}, I. and {Blake}, S. and {Podsiadlowski}, P. and {J{\"o}nsson}, J. and 
	{Gal-Yam}, A. and {Arcavi}, I. and {Howell}, D.~A. and {Bloom}, J.~S. and 
	{Jacobsen}, J. and {Kulkarni}, S.~R. and {Law}, N.~M. and {Ofek}, E.~O. and 
	{Walters}, R.},
    title = "{Galaxy Zoo Supernovae}",
  journal = {\mnras},
archivePrefix = "arXiv",
   eprint = {1011.2199},
 primaryClass = "astro-ph.IM",
 keywords = {methods: data analysis, surveys, supernovae: general},
     year = 2011,
    month = apr,
   volume = 412,
    pages = {1309-1319},
      doi = {10.1111/j.1365-2966.2010.17994.x},
   adsurl = {http://adsabs.harvard.edu/abs/2011MNRAS.412.1309S},
  adsnote = {Provided by the SAO/NASA Astrophysics Data System}
}

@ARTICLE{Tonry12a,
   author = {{Tonry}, J.~L. and {Stubbs}, C.~W. and {Kilic}, M. and {Flewelling}, H.~A. and 
	{Deacon}, N.~R. and {Chornock}, R. and {Berger}, E. and {Burgett}, W.~S. and 
	{Chambers}, K.~C. and {Kaiser}, N. and {Kudritzki}, R.-P. and 
	{Hodapp}, K.~W. and {Magnier}, E.~A. and {Morgan}, J.~S. and 
	{Price}, P.~A. and {Wainscoat}, R.~J.},
    title = "{First Results from Pan-STARRS1: Faint, High Proper Motion White Dwarfs in the Medium-Deep Fields}",
  journal = {ApJ},
archivePrefix = "arXiv",
   eprint = {1110.0060},
 primaryClass = "astro-ph.GA",
 keywords = {Galaxy: evolution, proper motions, surveys, white dwarfs},
     year = 2012,
    month = jan,
   volume = 745,
      eid = {42},
    pages = {42},
      doi = {10.1088/0004-637X/745/1/42},
   adsurl = {http://adsabs.harvard.edu/abs/2012ApJ...745...42T},
  adsnote = {Provided by the SAO/NASA Astrophysics Data System}
}

@ARTICLE{Tonry12b,
   author = {{Tonry}, J.~L. and {Stubbs}, C.~W. and {Lykke}, K.~R. and {Doherty}, P. and 
	{Shivvers}, I.~S. and {Burgett}, W.~S. and {Chambers}, K.~C. and 
	{Hodapp}, K.~W. and {Kaiser}, N. and {Kudritzki}, R.-P. and 
	{Magnier}, E.~A. and {Morgan}, J.~S. and {Price}, P.~A. and 
	{Wainscoat}, R.~J.},
    title = "{The Pan-STARRS1 Photometric System}",
  journal = {ApJ},
archivePrefix = "arXiv",
   eprint = {1203.0297},
 primaryClass = "astro-ph.IM",
 keywords = {atmospheric effects, instrumentation: photometers, surveys, techniques: photometric},
     year = 2012,
    month = may,
   volume = 750,
      eid = {99},
    pages = {99},
      doi = {10.1088/0004-637X/750/2/99},
   adsurl = {http://adsabs.harvard.edu/abs/2012ApJ...750...99T},
  adsnote = {Provided by the SAO/NASA Astrophysics Data System}
}

@ARTICLE{Valenti10,
   author = {{Valenti}, S.},
    title = "{First SN in the PanSTARRS 3Pi Faint galaxy supernova survey}",
  journal = {The Astronomer's Telegram},
 keywords = {Optical, Novae, Supernovae},
     year = 2010,
    month = jun,
   volume = 2668,
    pages = {1},
   adsurl = {http://adsabs.harvard.edu/abs/2010ATel.2668....1V},
  adsnote = {Provided by the SAO/NASA Astrophysics Data System}
}

@ARTICLE{Varughese15,
   author = {{Varughese}, M.~M. and {von Sachs}, R. and {Stephanou}, M. and 
	{Bassett}, B.~A.},
    title = "{Nonparametric Transient Classification using Adaptive Wavelets}",
  journal = {ArXiv e-prints},
archivePrefix = "arXiv",
   eprint = {1504.00015},
 primaryClass = "astro-ph.IM",
 keywords = {Astrophysics - Instrumentation and Methods for Astrophysics},
     year = 2015,
    month = mar,
   adsurl = {http://adsabs.harvard.edu/abs/2015arXiv150400015V},
  adsnote = {Provided by the SAO/NASA Astrophysics Data System}
}


@article{Willmore01,
  title={Characterizing the sparseness of neural codes},
  author={{Willmore}, B. and {Tolhurst}, D.~J.},
  journal={Network: Computation in Neural Systems},
  volume={12},
  number={3},
  pages={255--270},
  year={2001},
  publisher={Taylor \& Francis}
}

@ARTICLE{Wood-Vasey04,
   author = {{Wood-Vasey}, W.~M. and {Aldering}, G. and {Lee}, B.~C. and 
	{Loken}, S. and {Nugent}, P. and {Perlmutter}, S. and {Siegrist}, J. and 
	{Wang}, L. and {Antilogus}, P. and {Astier}, P. and {Hardin}, D. and 
	{Pain}, R. and {Copin}, Y. and {Smadja}, G. and {Gangler}, E. and 
	{Castera}, A. and {Adam}, G. and {Bacon}, R. and {Lemonnier}, J.-P. and 
	{P{\'e}contal}, A. and {P{\'e}contal}, E. and {Kessler}, R.},
    title = "{The Nearby Supernova Factory}",
  journal = {New Astron. Rev.},
   eprint = {astro-ph/0401513},
 keywords = {Supernovae, Galaxies},
     year = 2004,
    month = may,
   volume = 48,
    pages = {637-640},
      doi = {10.1016/j.newar.2003.12.056},
   adsurl = {http://adsabs.harvard.edu/abs/2004NewAR..48..637W},
  adsnote = {Provided by the SAO/NASA Astrophysics Data System}
}

@ARTICLE{Wright15,
   author = {{Wright}, D.~E. and {Smartt}, S.~J. and {Smith}, K.~W. and {Miller}, P. and 
	{Kotak}, R. and {Rest}, A. and {Burgett}, W.~S. and {Chambers}, K.~C. and 
	{Flewelling}, H. and {Hodapp}, K.~W. and {Huber}, M. and {Jedicke}, R. and 
	{Kaiser}, N. and {Metcalfe}, N. and {Price}, P.~A. and {Tonry}, J.~L. and 
	{Wainscoat}, R.~J. and {Waters}, C.},
    title = "{Machine learning for transient discovery in Pan-STARRS1 difference imaging}",
  journal = {MNRAS},
archivePrefix = "arXiv",
   eprint = {1501.05470},
 primaryClass = "astro-ph.IM",
 keywords = {methods: data analysis, methods: statistical, techniques: image processing, surveys, supernovae: general},
     year = 2015,
    month = may,
   volume = 449,
    pages = {451-466},
      doi = {10.1093/mnras/stv292},
   adsurl = {http://adsabs.harvard.edu/abs/2015MNRAS.449..451W},
  adsnote = {Provided by the SAO/NASA Astrophysics Data System}
}

@ARTICLE{Wright16,
    author = {{Wright}, D.~E. and {Smartt}, S.~J. and {Smith}, K.~W. and
  	{Kotak}, R. and {Rest}, A. and {Burgett}, W.~S. and {Chambers}, K.~C. and 
	{Flewelling}, H. and {Hodapp}, K.~W. and {Huber}, M. and {Jedicke}, R. and 
	{Kaiser}, N. and {Metcalfe}, N. and {Price}, P.~A. and {Tonry}, J.~L. and 
	{Wainscoat}, R.~J. and {Waters}, C.},
    year = {in prep.}
}

@ARTICLE{York00,
   author = {{York}, D.~G. and {Adelman}, J. and {Anderson}, Jr., J.~E. and 
	{Anderson}, S.~F. and {Annis}, J. and {Bahcall}, N.~A. and {Bakken}, J.~A. and 
	{Barkhouser}, R. and {Bastian}, S. and {Berman}, E. and {Boroski}, W.~N. and 
	{Bracker}, S. and {Briegel}, C. and {Briggs}, J.~W. and {Brinkmann}, J. and 
	{Brunner}, R. and {Burles}, S. and {Carey}, L. and {Carr}, M.~A. and 
	{Castander}, F.~J. and {Chen}, B. and {Colestock}, P.~L. and 
	{Connolly}, A.~J. and {Crocker}, J.~H. and {Csabai}, I. and 
	{Czarapata}, P.~C. and {Davis}, J.~E. and {Doi}, M. and {Dombeck}, T. and 
	{Eisenstein}, D. and {Ellman}, N. and {Elms}, B.~R. and {Evans}, M.~L. and 
	{Fan}, X. and {Federwitz}, G.~R. and {Fiscelli}, L. and {Friedman}, S. and 
	{Frieman}, J.~A. and {Fukugita}, M. and {Gillespie}, B. and 
	{Gunn}, J.~E. and {Gurbani}, V.~K. and {de Haas}, E. and {Haldeman}, M. and 
	{Harris}, F.~H. and {Hayes}, J. and {Heckman}, T.~M. and {Hennessy}, G.~S. and 
	{Hindsley}, R.~B. and {Holm}, S. and {Holmgren}, D.~J. and {Huang}, C.-h. and 
	{Hull}, C. and {Husby}, D. and {Ichikawa}, S.-I. and {Ichikawa}, T. and 
	{Ivezi{\'c}}, {\v Z}. and {Kent}, S. and {Kim}, R.~S.~J. and 
	{Kinney}, E. and {Klaene}, M. and {Kleinman}, A.~N. and {Kleinman}, S. and 
	{Knapp}, G.~R. and {Korienek}, J. and {Kron}, R.~G. and {Kunszt}, P.~Z. and 
	{Lamb}, D.~Q. and {Lee}, B. and {Leger}, R.~F. and {Limmongkol}, S. and 
	{Lindenmeyer}, C. and {Long}, D.~C. and {Loomis}, C. and {Loveday}, J. and 
	{Lucinio}, R. and {Lupton}, R.~H. and {MacKinnon}, B. and {Mannery}, E.~J. and 
	{Mantsch}, P.~M. and {Margon}, B. and {McGehee}, P. and {McKay}, T.~A. and 
	{Meiksin}, A. and {Merelli}, A. and {Monet}, D.~G. and {Munn}, J.~A. and 
	{Narayanan}, V.~K. and {Nash}, T. and {Neilsen}, E. and {Neswold}, R. and 
	{Newberg}, H.~J. and {Nichol}, R.~C. and {Nicinski}, T. and 
	{Nonino}, M. and {Okada}, N. and {Okamura}, S. and {Ostriker}, J.~P. and 
	{Owen}, R. and {Pauls}, A.~G. and {Peoples}, J. and {Peterson}, R.~L. and 
	{Petravick}, D. and {Pier}, J.~R. and {Pope}, A. and {Pordes}, R. and 
	{Prosapio}, A. and {Rechenmacher}, R. and {Quinn}, T.~R. and 
	{Richards}, G.~T. and {Richmond}, M.~W. and {Rivetta}, C.~H. and 
	{Rockosi}, C.~M. and {Ruthmansdorfer}, K. and {Sandford}, D. and 
	{Schlegel}, D.~J. and {Schneider}, D.~P. and {Sekiguchi}, M. and 
	{Sergey}, G. and {Shimasaku}, K. and {Siegmund}, W.~A. and {Smee}, S. and 
	{Smith}, J.~A. and {Snedden}, S. and {Stone}, R. and {Stoughton}, C. and 
	{Strauss}, M.~A. and {Stubbs}, C. and {SubbaRao}, M. and {Szalay}, A.~S. and 
	{Szapudi}, I. and {Szokoly}, G.~P. and {Thakar}, A.~R. and {Tremonti}, C. and 
	{Tucker}, D.~L. and {Uomoto}, A. and {Vanden Berk}, D. and {Vogeley}, M.~S. and 
	{Waddell}, P. and {Wang}, S.-i. and {Watanabe}, M. and {Weinberg}, D.~H. and 
	{Yanny}, B. and {Yasuda}, N. and {SDSS Collaboration}},
    title = "{The Sloan Digital Sky Survey: Technical Summary}",
  journal = {AJ},
   eprint = {astro-ph/0006396},
 keywords = {Cosmology: Observations, Instrumentation: Miscellaneous},
     year = 2000,
    month = sep,
   volume = 120,
    pages = {1579-1587},
      doi = {10.1086/301513},
   adsurl = {http://adsabs.harvard.edu/abs/2000AJ....120.1579Y},
  adsnote = {Provided by the SAO/NASA Astrophysics Data System}
}

@ARTICLE{Zackay16,
   author = {{Zackay}, B. and {Ofek}, E.~O. and {Gal-Yam}, A.},
    title = "{Proper image subtraction - optimal transient detection, photometry and hypothesis testing}",
  journal = {ArXiv e-prints},
archivePrefix = "arXiv",
   eprint = {1601.02655},
 primaryClass = "astro-ph.IM",
 keywords = {Astrophysics - Instrumentation and Methods for Astrophysics},
     year = 2016,
    month = jan,
   adsurl = {http://adsabs.harvard.edu/abs/2016arXiv160102655Z},
  adsnote = {Provided by the SAO/NASA Astrophysics Data System}
}

@article{Zhang04,
  title={The Optimality of Naive Bayes},
  author={{Zhang}, H.},
  journal={A A},
  volume={1},
  number={2},
  pages={3},
  year={2004}
}